3800 5986
624 582 790 632 4444444
808 583 851 632 nn
870 582 1098 638 4444444444.
1460 573 1531 647 143

222 751 296 817 quod
315 751 446 815 Bergtius
463 751 539 816 legit,
565 752 614 804 sed
632 757 737 804 certum
761 757 803 805 est
820 759 927 819 optcrpc
944 757 1076 820 scriptum
1094 769 1154 808 esse
1177 758 1249 809 sicut
1267 760 1293 808 44
1313 760 1532 814 Feuardentianis

227 838 276 899 (ex.
297 850 337 902 gr.
355 832 408 888 ol*
422 841 471 888 444
485 857 517 882 ει
530 838 584 890 444).
599 837 697 902 444414)
718 839 814 890 eadem
833 839 918 890 torma
936 843 1016 906 atque
1035 841 1139 892 4144444
1163 843 1273 894 incusis.
1312 845 1442 909 Berglius
1460 847 1530 898 hauc

222 934 300 974 suam
318 923 346 972 iu
364 923 419 974 tab.
440 924 475 974 111
494 927 504 972 4
527 923 691 990 heliotypice
709 927 928 990 repraesentavit,
954 926 1003 978 sed
1022 927 1057 977 ita
1076 927 1105 976 44
1123 941 1156 978 44
1173 929 1232 993 ipsa
1251 929 1356 992 glandis
1374 944 1450 996 pars,
1478 945 1529 996 que

222 1021 266 1059 ree
283 1008 432 1068 deciditur,
460 1021 513 1060 uon
537 1013 673 1062 cernatur.
716 1011 745 1060 ln
765 1011 870 1074 Berglil
893 1015 983 1063 autem
1002 1013 1126 1078 exemplo
1144 1013 1340 1080 lithographioo
1358 1014 1402 1080 fig.
1418 1019 1449 1067 44
1469 1031 1531 1069 cum

223 1091 289 1144 44444
308 1094 393 1159 ipsius
412 1094 491 1146 lectio
509 1100 616 1158 optma
634 1093 803 1156 exhibeatur,
824 1097 850 1146 h.
870 1096 888 1146 1.
909 1095 1097 1162 lithographus
1114 1097 1226 1150 editoris
1243 1103 1433 1152 auctoritatem
1451 1105 1529 1154 vidc-

222 1183 267 1230 tur
283 1181 392 1231 secutus
410 1193 470 1232 4444
495 1178 538 1242 (44.
559 1193 630 1245 quae
648 1181 742 1231 monui
765 1181 793 1231 in
811 1193 910 1232 comm.
931 1184 997 1236 min.
1017 1183 1094 1235 acad.
1116 1188 1182 1234 4444
1200 1198 1227 1250 p.
1244 1187 1291 1235 444
1312 1189 1368 1238 not.
1382 1188 1416 1250 4).
1455 1189 1532 1240 idem
1599 1201 1601 1206 ·

221 1264 329 1317 videtur
346 1264 447 1317 iactum
466 1278 526 1317 essa
544 1267 572 1316 in
586 1266 637 1316 alta
651 1267 827 1331 inscriptione
841 1267 923 1319 dubia
941 1263 993 1319 ts*
1006 1271 1066 1328 444,
1086 1270 1113 1318 44
1125 1282 1178 1335 qua
1192 1283 1255 1321 cum
1267 1273 1388 1337 4444444444
1399 1272 1528 1336 Bergkins

222 1363 276 1402 nou
292 1355 364 1402 recta
386 1351 495 1414 legisset
506 1365 555 1416 pro
573 1365 606 1403 eo
624 1351 696 1416 quod
715 1351 788 1403 clare
806 1353 928 1403 cernitur
943 1355 1057 1405 44444444
1074 1352 1116 1414 (44.
1131 1367 1213 1420 supra
1231 1369 1258 1421 p.
1274 1360 1307 1406 44
1318 1361 1374 1408 not.
1390 1357 1426 1423 4),
1446 1359 1530 1410 litho-

223 1437 341 1504 graphus
360 1435 403 1501 fig.
425 1441 457 1488 44
477 1438 496 1488 Ρ
514 1439 616 1488 certam
635 1435 767 1488 exhibuit.
909 1487 914 1496 ,

188 1536 250 1587 pag.
266 1526 314 1573 444
332 1523 367 1574 ad
387 1535 414 1572 u.
429 1521 487 1586 w]
509 1522 601 1574 Mense
618 1522 703 1588 Aprili
723 1526 789 1573 44444
812 1535 858 1574 444
876 1524 988 1588 glandes
1005 1526 1033 1574 iu
1052 1537 1147 1576 museo
1165 1526 1345 1592 Neapolitano
1366 1531 1528 1582 examinavi.

221 1610 344 1661 Ficticiae
363 1609 380 1660 4.
400 1621 425 1660 4.
446 1619 528 1659 cusae
550 1611 614 1659 sunt
636 1609 710 1660 solae
728 1621 755 1661 n.
772 1612 871 1659 444444
887 1611 923 1674 fir
940 1613 967 1661 et
985 1614 1128 1662 mittete
1147 1613 1174 1661 44
1193 1613 1282 1663 antico
1300 1613 1384 1665 latere
1398 1617 1528 1682 inscripta

222 1699 251 1746 ut
263 1708 291 1746 n.
306 1690 356 1744 st*
368 1707 396 1736 ²1⁵
408 1695 435 1744 44
453 1695 480 1744 iu
490 1695 595 1758 postico
608 1697 639 1745 ut
651 1707 678 1746 u.
694 1698 725 1744 44
735 1693 779 1745 44.
794 1721 825 1734 -
839 1694 979 1746 Geuuinae
991 1695 1182 1761 inscriptiones
1196 1699 1288 1749 insunt
1300 1699 1364 1750 hae:

188 1797 217 1833 n.
238 1775 289 1832 445
307 1791 376 1834 iren
397 1779 526 1842 (444444).

189 1881 215 1917 u.
237 1861 297 1929 4444,
313 1870 363 1918 us
382 1876 441 1918 rrn.
460 1865 593 1929 (444444),
614 1875 664 1918 444
686 1865 763 1927 (444).

187 1967 215 2005 n.
236 1947 287 2002 127
306 1950 428 2014 (444444)
449 1950 551 2001 4444444
569 1954 644 2002 caret
667 1953 694 2001 at
711 1951 765 2001 duo
789 1950 874 2002 latera
892 1950 972 2016 plana
996 1951 1077 2004 habet
1099 1954 1186 2017 (⁰,oto
1206 1957 1233 2004 et
1251 1957 1328 2014 ⁰‚ott
1347 1953 1446 2018 longa).
1483 1955 1530 2006 Est

222 2037 361 2104 exemplar
378 2038 490 2089 unicum
508 2036 557 2088 sed
574 2037 736 2101 genuinum:
758 2045 817 2089 444·
843 2036 1012 2088 exstantibus
1034 2028 1047 2110 1
1071 2049 1124 2090 444
1150 2039 1287 2089 excavatis
1305 2039 1410 2091 littaris.

188 2139 213 2176 n.
233 2119 284 2176 128
302 2125 423 2188 (444444)
444 2123 605 2187 scariphatis
623 2123 734 2174 littaris:

619 2245 795 2348 lWJEll]
973 2278 1120 2322 44444444

222 2399 375 2460 4444444444.
404 2399 496 2449 Lectio
516 2399 589 2448 certa
608 2401 658 2448 est.
672 2397 792 2448 —Sicut
811 2397 930 2460 reliquas
943 2396 1082 2462 Conceptii
1095 2398 1180 2449 Rosea
1198 2397 1311 2461 glandes
1329 2399 1363 2448 ita
1377 2398 1449 2449 hanc
1461 2411 1531 2464 quo·

222 2497 275 2551 quc
294 2486 422 2536 Picenum
447 2497 508 2535 esse
532 2496 595 2534 cum
616 2495 667 2549 per
684 2495 714 2534 se
732 2484 791 2534 veri
814 2485 854 2533 est
872 2482 961 2534 simila
979 2485 1037 2534 turn
1062 2483 1256 2549 comprobatur
1273 2484 1325 2535 hac
1343 2486 1528 2551 inscriptione.

222 2570 292 2622 Nam
313 2568 455 2621 italienses
477 2569 550 2620 haud
568 2567 684 2619 dubium
709 2571 750 2619 est
767 2569 833 2633 quin
852 2568 917 2618 dicti
936 2567 989 2618 siut
1007 2580 1062 2619 non
1080 2567 1115 2618 ab
1133 2571 1202 2620 terra
1224 2569 1260 2632 (id
1279 2570 1352 2620 anim
1372 2572 1426 2620 4444
1444 2571 1531 2622 histo-

224 2657 279 2706 riae
303 2657 436 2720 repugnat
456 2667 538 2719 quam
558 2651 669 2718 formae)
696 2653 745 2705 sed
768 2651 803 2705 ab
824 2644 918 2704 'ltalia'
941 2654 1078 2704 sociorum
1101 2652 1171 2706 urba
1195 2657 1213 2705 Ι.
1233 2669 1258 2706 a.
1279 2655 1410 2718 Corfinio,
1436 2656 1531 2708 eadem

221 2741 338 2792 tlexione
356 2753 410 2805 qua
428 2739 541 2805 abipso
559 2738 677 2790 Corfinio
695 2737 886 2789 Corfinienses.
922 2737 987 2789 lude
1011 2741 1101 2790 autem
1126 2739 1178 2790 hoo
1201 2741 1255 2790 iam
1279 2741 1379 2793 certius
1401 2739 1530 2793 4444444444

221 2830 323 2892 potest,
349 2823 411 2877 urbi
429 2838 529 2876 nomeu
557 2824 673 2876 inditum
691 2822 775 2876 444444
792 2837 847 2875 444
865 2823 1001 2885 Italicam,
1026 2828 1057 2876 44
1078 2826 1152 2890 apud
1170 2825 1330 2878 Strabonem
1350 2830 1378 2877 44
1395 2826 1529 2878 vellatum

222 2912 337 2976 legimus
358 2908 400 2972 (44.
420 2910 456 2961 ad
479 2923 506 2961 n.
528 2911 569 2972 4),
595 2909 644 2962 sed
667 2910 816 2973 ltaliam,
845 2923 926 2974 quam
951 2908 1067 2962 formam
1091 2911 1225 2963 Diodorus
1251 2925 1309 2964 exo.
1334 2912 1409 2962 Phot.
1432 2926 1459 2978 p.
1480 2916 1529 2963 444

220 2996 331 3048 exhibet
350 2993 406 3065 (τὴν
429 2993 517 3063 4444νή4
540 2991 614 3047 πόλιν
634 2989 745 3047 'leutius
769 2992 991 3064 tuoaopdoasrae).
1035 2995 1215 3048 Nummorum
1241 3012 1350 3063 quoque
1373 2998 1530 3062 inscriptio-

223 3095 286 3133 nem
306 3082 383 3133 444444
405 3094 460 3132 nou
483 3081 518 3132 ad
536 3081 619 3132 Deam
646 3079 725 3146 (quod
750 3080 810 3132 fleri
828 3093 909 3147 posse
931 3083 1004 3134 recte
1027 3085 1171 3134 monuerat
1187 3083 1374 3134 Mommseuus
1391 3084 1470 3148 corp.
1493 3083 1530 3133 444

222 3180 249 3232 p.
264 3170 313 3218 444
332 3166 368 3218 ad
380 3180 407 3216 u.
423 3167 575 3231 [usupra
588 3179 614 3220 u.
631 3167 654 3230 4)
673 3165 721 3218 sed
740 3165 774 3217 ad
792 3165 889 3218 urbem
908 3167 995 3232 ipsam
1014 3165 1185 3218 referendam
1203 3180 1263 3219 esse
1283 3167 1320 3231 (id
1332 3168 1405 3233 quod
1417 3168 1531 3219 4444444-

223 3266 306 3304 44444
323 3252 403 3318 corp.
422 3251 460 3303 1x
478 3265 504 3316 p.
520 3255 569 3302 444
587 3253 727 3315 statuerat)
747 3253 801 3302 iam
818 3264 868 3317 pro
887 3252 1027 3317 explorato
1045 3251 1201 3304 habendum
1220 3257 1270 3304 est.

189 3351 215 3388 n.
237 3333 302 3398 429,
318 3341 382 3388 t-re
402 3337 573 3402 (reseis-et.
593 3341 718 3388 ets-ees.
738 3340 797 3388 4444.
816 3339 875 3388 444.
896 3340 956 3390 444.
977 3338 1034 3400 etl)

831 3442 883 3485 eiu

189 3536 313 3586 incertae
338 3533 462 3586 lectionis
485 3536 549 3585 sunt
575 3535 674 3582 444444
706 3543 756 3586 4444
782 3533 824 3598 4144
843 3536 890 3584 444
906 3535 952 3594 444)
975 3535 1069 3584 44444
1089 3525 1196 3608 (eruut
1220 3525 1302 3608 vil).
1321 3562 1363 3571 —
1380 3545 1431 3590 tec
1454 3537 1481 3586 et
1500 3547 1529 3588 ul

224 3621 340 3682 (viden.
360 3618 446 3669 tettae
458 3620 487 3684 n)
507 3623 536 3672 in
554 3620 627 3671 nulla
646 3619 752 3682 agnovi.

580 5271 649 5323 'lypis
663 5271 800 5324 Breltkoptll
813 5271 960 5314 attinentem
973 5271 1134 5324 Lipsieaetum.
