3702 5962
375 555 397 626 6
857 567 1015 618 emanas
1033 567 1238 620 nsovnnnnn

374 761 553 820 exhibebant
579 755 1189 837 (1181118111881.18778.171888.);
1227 762 1333 819 deinde
1363 779 1438 820 anno
1466 764 1544 821 1878
1576 781 1591 818 8
1622 768 1658 820 10
1682 763 1724 819 ad

377 869 415 922 20
440 865 642 937 Septembrem
665 865 841 924 Gabriellius
862 868 993 938 repperit
1014 865 1195 922 CCCCXXlll
1224 867 1411 938 inscriptione
1441 873 1574 923 carentes
1597 871 1626 922 et
1647 865 1725 923 duas

379 963 469 1040 (ne,
490 985 516 1024 11
540 976 570 1024 81
593 961 644 1042 88)
670 971 824 1039 1888118188
850 963 935 1045 (nott.
958 973 1037 1027 1878
1060 985 1091 1040 p.
1114 973 1172 1025 198
1189 962 1264 1044 sq.).
1310 969 1462 1025 11811888
1484 985 1586 1026 88188
1606 976 1724 1039 partem

374 1073 556 1142 repperimus
575 1075 650 1128 inter
671 1081 788 1144 pontem
810 1073 969 1130 Romanum
994 1064 1034 1148 (q.
1052 1085 1129 1128 nuno
1151 1087 1180 1127 v.
1196 1078 1285 1144 ponte
1305 1072 1337 1128 di
1353 1065 1446 1148 08888)
1473 1077 1502 1128 81
1523 1078 1642 1144 888188
1664 1088 1724 1130 88·

373 1173 479 1228 vicium
503 1190 533 1246 q.
552 1174 582 1231 d.
600 1175 739 1233 11818188
765 1167 842 1250 (vide
864 1174 1017 1242 Carducci,
1049 1191 1082 1230 88
1104 1175 1131 1229 18
1151 1177 1286 1231 memorie
1308 1191 1323 1231 8
1345 1177 1356 1229 1
1377 1177 1552 1232 monumenti
1572 1175 1604 1231 di
1625 1176 1724 1233 188811

373 1275 419 1330 881
434 1275 546 1333 Piceno.
584 1278 687 1334 Formo
707 1282 798 1346 1855,
820 1281 850 1334 18
865 1273 988 1353 tabula),
1015 1291 1073 1350 que
1097 1276 1201 1334 eodem
1223 1277 1287 1334 loco
1309 1278 1407 1349 paullo
1422 1283 1505 1334 antea
1527 1270 1720 1352 (8881818711

374 1383 403 1433 81
429 1371 520 1455 1817)
547 1381 605 1435 188
627 1382 743 1437 circiter
765 1383 895 1453 quinque
916 1381 996 1437 milia
1016 1380 1163 1451 glandium
1186 1386 1268 1436 eruta
1290 1380 1380 1437 fuisse
1404 1383 1610 1452 comperimus.

459 1481 563 1538 Contra
585 1499 621 1539 81
643 1483 759 1541 1188811
787 1485 870 1541 alveo
893 1482 1013 1555 glandes
1039 1484 1210 1556 provenisse
1232 1498 1291 1540 non
1312 1485 1447 1544 innotuit.
1495 1482 1527 1538 ld
1549 1482 1628 1555 quod
1650 1483 1722 1539 inde

373 1583 577 1654 explicandum
600 1593 653 1654 est,
680 1587 759 1659 quod
783 1589 846 1644 eius
868 1587 976 1644 fundus
1006 1589 1074 1643 item
1097 1585 1722 1658 18188888188388188188811818818188-

372 1701 430 1756 que
453 1686 587 1744 obtectus
610 1695 669 1757 est,
702 1691 886 1759 investiganti
915 1704 973 1746 non
1002 1691 1065 1746 sine
1094 1704 1207 1746 summo
1234 1688 1335 1745 labore
1357 1688 1561 1761 penetrandis,
1588 1697 1617 1746 et
1637 1689 1719 1760 quod

371 1789 515 1846 Truentus
535 1793 672 1863 aquosior
693 1799 737 1849 881
751 1793 903 1850 castellani
918 1792 1007 1849 fluvio
1030 1793 1147 1848 aestivis
1169 1789 1318 1848 mensibus
1339 1793 1484 1849 interdum
1507 1807 1602 1865 paene
1624 1793 1717 1850 sicco.

458 1894 606 1950 interrae
635 1894 711 1963 8818,
738 1894 789 1952 ubi
814 1895 886 1953 locis
912 1896 999 1952 certis
1026 1897 1191 1966 investigari
1213 1901 1363 1967 nequeunt
1389 1895 1441 1951 sed
1464 1911 1546 1953 mero
1570 1895 1721 1951 888818-

371 2001 515 2064 teguntur,
542 1996 627 2069 longe
649 2000 743 2056 rarius
765 2013 852 2070 8888
878 2001 908 2055 in
929 2014 1005 2070 equa
1026 2000 1223 2068 reperiuntur,
1249 1996 1340 2065 velut,
1366 1997 1396 2054 id
1418 1997 1498 2069 quod
1520 2015 1537 2054 a
1560 1997 1721 2055 Gabriellio

372 2101 511 2169 comperi,
539 2103 568 2156 in
590 2101 736 2158 descensu
759 2102 903 2170 88181818,
930 2103 977 2159 881
1000 2101 1149 2158 castellum
1173 2115 1265 2172 papae
1287 2102 1328 2156 Pii
1351 2101 1387 2156 lv
1408 2101 1576 2173 impositum
1598 2107 1653 2169 est,
1679 2102 1719 2157 ad

371 2201 447 2256 viam
463 2201 602 2259 Salariam
625 2219 742 2273 versus;
769 2207 832 2277 ipse
852 2207 928 2261 inter
947 2205 1023 2261 banc
1038 2206 1115 2261 viam
1136 2210 1166 2261 et
1180 2203 1349 2271 Truentum,
1375 2205 1492 2261 circiter
1513 2204 1591 2260 mille
1613 2219 1721 2275 888888

370 2311 567 2376 8818881188
584 2307 746 2376 Geminam,
772 2323 789 2363 8
812 2308 916 2366 881888
939 2307 1065 2381 quodam
1087 2307 1221 2379 glandem
1244 2307 1431 2375 inscriptione
1454 2313 1601 2364 carentem
1623 2307 1665 2364 ibi
1687 2309 1720 2364 in

370 2420 439 2475 agro
463 2414 607 2479 repertam
629 2413 696 2466 emi.
1380 2483 1384 2492 ‚

457 2510 533 2567 18118
561 2525 661 2569 88188
683 2512 782 2570 Asculi
812 2518 878 2569 8818
900 2513 954 2572 bos
977 2513 1038 2569 1818
1060 2514 1175 2585 triginta
1197 2526 1288 2569 annos
1310 2526 1388 2584 pone
1416 2511 1547 2584 episcopi
1568 2511 1658 2567 aedes
1680 2513 1720 2568 ad

371 2617 484 2682 881188
500 2613 693 2685 1818888888,
711 2615 763 2673 ubi
782 2617 898 2674 coriarii
920 2615 1035 2673 81118188
1058 2614 1255 2682 extruebatur,
1282 2617 1441 2672 immensus
1462 2613 1610 2685 glandium
1631 2629 1722 2670 8881-

372 2729 426 2770 vus
447 2718 582 2774 inventus
604 2725 664 2786 est;
703 2735 755 2776 888
778 2719 815 2777 ab
838 2722 980 2776 mercium
1009 2718 1207 2776 chemicarum
1237 2718 1389 2775 venditore
1411 2717 1572 2774 Giaoomini
1601 2723 1720 2788 emptae

370 2823 398 2871 81
421 2819 450 2874 18
472 2817 573 2891 globos
596 2821 719 2879 missiles
742 2821 881 2880 conflatae
903 2829 983 2879 sunt.
1005 2850 1050 2860 -
1070 2819 1114 2876 Ad
1137 2823 1250 2893 copiam
1272 2827 1370 2878 autem
1391 2821 1539 2892 glandium
1561 2826 1621 2878 tam
1643 2822 1720 2878 18118

369 2937 470 2979 88188
492 2939 581 2996 quam
603 2932 682 2982 extra
704 2933 886 2998 repertarum
907 2926 1095 2997 pretiumque
1117 2940 1217 2981 earum
1239 2924 1298 2980 vile
1321 2925 1456 2996 pertinet,
1476 2923 1554 2996 quod
1573 2925 1722 2995 Georgius

368 3026 449 3095 Paci,
483 3029 553 3084 artis
582 3031 736 3085 statuariae
765 3029 915 3099 professor
936 3029 1118 3098 institutique
1147 3029 1238 3086 nostri
1267 3027 1479 3099 arcbaeologici
1501 3028 1613 3095 socius,
1645 3029 1720 3084 mibi

368 3130 487 3198 rettulit,
515 3135 626 3202 patrem
648 3147 734 3188 suum
757 3130 935 3189 Ludovicum
957 3130 993 3186 ad
1018 3131 1129 3202 figlinas
1159 3131 1256 3200 operis
1278 3131 1477 3187 118181188ηεὶ8
1504 3145 1571 3186 sues
1600 3130 1721 3187 solitum

368 3247 433 3288 8888
456 3231 577 3304 glandes
599 3233 731 3303 pondere
753 3249 898 3302 coemere,
925 3233 1034 3306 quibus
1056 3235 1162 3290 vitrum
1185 3233 1360 3290 metallicum
1383 3231 1550 3290 8881188181.
1575 3231 1720 3301 -Quin

368 3337 453 3392 etiam
484 3337 661 3394 funditorum
691 3337 807 3394 officina
835 3353 1010 3409 eorumque,
1037 3338 1062 3392 si
1084 3336 1129 3392 dis
1152 3336 1263 3409 placet,
1289 3338 1479 3394 instrumente
1508 3335 1621 3392 detecta
1649 3351 1720 3392 esse

369 3437 521 3508 dicuntur;
561 3440 599 3496 de
630 3456 688 3512 qua
716 3457 749 3497 re
783 3439 857 3498 11888
890 3441 995 3496 8118118
1025 3454 1159 3510 possum:
1207 3439 1317 3496 Delfioo
1352 3441 1382 3495 in
1411 3438 1534 3510 epistula
1568 3453 1595 3493 8.
1634 3443 1717 3496 1815

367 3543 474 3612 8811818
498 3558 527 3613 p.
549 3546 581 3600 9:
608 3545 633 3599 si
655 3538 670 3600 e'
689 3551 790 3616 881818
812 3545 988 3601 1188888888
1010 3558 1117 3599 ancora
1138 3543 1212 3598 nelle
1234 3539 1721 3598 818188888181188111111188811

368 3644 487 3716 qualche
507 3645 789 3718 [8188118188118818
813 3645 875 3702 8118
896 3643 1210 3720 18818881818181818
1235 3662 1250 3700 8
1270 3646 1449 3718 formosioris
1471 3645 1501 3700 di
1524 3643 1579 3699 1811
1598 3645 1715 3700 missili.

368 3746 476 3803 Eodem
492 3747 629 3804 videntur
649 3754 783 3820 spectare
804 3751 971 3819 sequentia:
998 3751 1041 3805 De
1057 3750 1167 3805 llinicis
1191 3764 1221 3818 p.
1242 3751 1301 3806 111
1325 3754 1384 3804 881.
1408 3752 1434 3802 l:
1461 3747 1500 3817 Di
1518 3748 1595 3820 sotto
1619 3747 1720 3803 818881

369 3851 437 3905 8881
464 3866 534 3907 8888
562 3851 609 3906 881
636 3852 773 3908 demolire
796 3851 822 3908 18
843 3851 953 3908 8888118
981 3869 1065 3908 muro
1087 3853 1117 3908 di
1138 3851 1225 3908 Porto
1247 3851 1375 3907 lfomana
1408 3842 1463 3924 [est
1489 3855 1572 3920 88118
1600 3851 1719 3918 gemina

367 3945 495 4027 antiqua]
514 3955 544 4009 18
558 3953 654 4010 188811
675 3957 701 4010 81
721 3957 854 4011 11888888
874 3957 922 4011 nn’
938 3956 1029 4011 intere
1048 3953 1172 4028 somello
1195 3959 1357 4010 contenente
1377 3951 1570 4024 grandissimo
1585 3950 1720 4024 quontitd

368 4056 399 4111 di
412 4057 534 4128 8118818
548 4055 679 4130 plumbeo
700 4058 731 4113 di
751 4057 849 4131 sonno
866 4054 937 4131 8811
953 4058 1119 4130 1188881888,
1146 4074 1160 4113 8
1182 4058 1212 4113 di
1234 4059 1365 4128 18888181
1383 4071 1452 4129 peso
1473 4055 1548 4111 delle
1570 4057 1720 4112 ordinat-ie

368 4156 807 4233 881881188118888818888.
844 4161 931 4218 Forse
953 4177 1003 4217 ero
1025 4160 1118 4233 888118
1141 4159 1163 4215 11
1187 4159 1271 4231 18888
1295 4160 1326 4216 di
1347 4175 1406 4214 888
1426 4157 1561 4232 sonderin
1584 4158 1615 4214 di
1636 4173 1715 4227 esse,-

367 4279 382 4318 8
405 4261 766 4321 1888888818188811888
789 4264 867 4320 neila
890 4264 952 4320 loro
974 4279 1110 4320 rossem
1133 4264 1182 4318 818
1203 4279 1260 4319 888
1280 4263 1390 4335 [essere
1413 4276 1521 4317 encore
1540 4266 1643 4332 pronis
1662 4277 1721 4334 per

366 4383 439 4424 esser
467 4376 635 4438 8888888818
657 4368 687 4422 81
707 4364 894 4441 [8881811811.
943 4364 1024 4435 Quae
1045 4365 1146 4422 ultima
1169 4365 1302 4435 imperite
1324 4363 1402 4418 dicte
1424 4368 1509 4429 sunt,
1536 4364 1718 4434 quasivero

366 4470 518 4541 plumbum
547 4470 645 4527 1188118
676 4469 847 4527 informibus
869 4470 966 4526 18888
996 4475 1088 4538 esset,
1122 4468 1227 4524 deinde
1258 4465 1457 4538 iuglandium
1484 4465 1606 4521 formam
1635 4466 1721 4523 velut

365 4575 434 4629 artis
461 4589 536 4644 8888
565 4573 771 4644 effingendum.
797 4601 838 4612 -—
862 4572 1003 4629 Carducci
1024 4575 1159 4629 memorie
1185 4575 1263 4628 1853
1287 4585 1318 4642 p.
1341 4573 1418 4626 ist:
1447 4569 1508 4624 Uno
1528 4566 1664 4641 fonticela
1687 4569 1721 4624 di

364 4677 487 4748 81118888
515 4678 618 4735 missili
644 4677 679 4751 su
701 4673 991 4749 8881888111881
1023 4669 1125 4750 [prope
1147 4679 1261 4745 portem
1283 4665 1452 4746 itomanam]
1482 4672 1635 4727 rinocnnto
1665 4689 1721 4729 con

366 4781 434 4836 18111
447 4780 490 4851 gli
512 4781 679 4854 8888888811
693 4781 851 4852 88888881),
871 4781 904 4835 ed
926 4779 1107 4850 8888188118
1123 4773 1255 4850 quantilli
1277 4777 1308 4832 di
1326 4775 1381 4832 1811
1398 4775 1542 4848 8181811111
1563 4771 1612 4846 piri
1634 4773 1716 4847 1888.

369 4883 430 4938 Uno
459 4889 557 4938 818188
586 4883 721 4940 lentileio
749 4883 914 4950 consolare,
945 4881 990 4938 88’
1015 4898 1085 4948 nro,
1110 4882 1283 4954 1888188818
1306 4879 1337 4934 di
1360 4877 1542 4934 bessorifievo
1572 4882 1601 4931 81
1631 4891 1664 4947 q.
1690 4892 1716 4934 8.

366 4985 542 5042 Garruecius
568 4983 670 5042 Oioiltd
692 4993 760 5043 8811.
786 4987 814 5042 X
833 4989 849 5043 1
871 4977 976 5060 (1877)
1002 5001 1033 5056 p.
1054 4988 1108 5041 711
1138 4991 1168 5041 81
1189 4982 1305 5055 Sylloge
1327 4998 1357 5053 p.
1378 4981 1605 5039 111181888881
1621 4996 1721 5052 8888-

366 5089 432 5144 188
454 5089 491 5144 ad
513 5089 633 5159 glandes
656 5087 765 5144 fiendas
793 5094 924 5159 paratam
952 5087 1008 5144 sibi
1038 5093 1185 5145 ostensam
1215 5101 1279 5142 esse
1307 5090 1461 5142 memorat.
1508 5084 1618 5140 Locum
1646 5083 1721 5140 mibi

365 5207 441 5249 anno
461 5196 540 5250 1877
559 5191 734 5249 Gabriellius
757 5190 928 5261 significavit
946 5183 1052 5268 (estad
1068 5197 1179 5262 portam
1195 5189 1354 5246 liomenam
1376 5187 1516 5260 oppidum
1539 5188 1659 5243 intranti
1683 5186 1719 5242 ad

365 5289 521 5374 dextram),
548 5296 601 5352 sed
617 5295 724 5352 rudere
739 5295 866 5352 fornacis
883 5295 960 5350 nulla
975 5293 1133 5351 restabant.
1170 5293 1322 5349 Praeterea
1344 5289 1416 5348 mihi
1439 5291 1476 5347 de
1499 5305 1533 5346 ea
1556 5305 1589 5345 re
1612 5291 1722 5348 scisci-
