3702 5962
607 1860 609 1864 ,
679 1791 1017 1881 PRAEFATIO.

176 2133 313 2277 Primo
337 2215 484 2296 Corporis
515 2215 674 2278 volumine
705 2234 777 2277 cum
808 2215 931 2296 priscae
964 2215 1186 2297 inscriptiones
1216 2217 1343 2278 Latinae
1374 2234 1520 2297 compre-

176 2317 366 2380 hendendae
389 2327 514 2396 essent,
549 2319 761 2380 Mommsenus
790 2319 859 2382 eius
889 2317 1048 2400 prodromi
1081 2319 1224 2380 instituto
1253 2337 1327 2380 saue
1351 2319 1520 2381 utilissimo

175 2431 299 2484 coactus
323 2419 456 2502 glandes
479 2440 606 2502 quoque
636 2421 805 2503 plumbeas
828 2421 942 2484 edidit.
990 2422 1079 2484 Sicut
1102 2431 1208 2484 autem
1233 2423 1264 2483 iu
1289 2422 1439 2484 universo
1462 2423 1520 2486 hoc

175 2523 343 2604 prodromo
366 2544 427 2586 usu
450 2526 560 2586 venire
583 2523 746 2607 praelatus
768 2535 833 2606 est,
860 2535 979 2588 utnon
1003 2526 1035 2586 iu
1058 2525 1208 2588 omnibus
1231 2525 1346 2604 titulis,
1374 2526 1520 2588 maximis

175 2628 325 2706 minimis,
353 2647 404 2689 res
426 2627 536 2708 perlici
561 2638 676 2708 posset,
705 2637 858 2709 quantum
881 2647 940 2709 per
955 2646 989 2690 se
1006 2626 1139 2690 deberet
1154 2638 1251 2709 atque
1267 2629 1373 2706 etiam,
1399 2628 1521 2690 scilicet

174 2731 201 2791 si
228 2729 258 2792 id
281 2730 429 2793 volumen
452 2749 515 2792 nou
538 2733 675 2812 primum
698 2730 755 2793 sed
779 2741 974 2813 postremum
998 2730 1151 2812 prodiret,
1178 2743 1295 2813 posset,
1323 2731 1365 2792 ita
1388 2731 1519 2792 minime

174 2844 306 2914 propter
321 2833 453 2914 glandes
477 2835 509 2896 in
532 2843 578 2897 tot
592 2837 713 2898 musois
728 2833 961 2916 conquirendas
978 2835 1073 2897 totius
1088 2835 1195 2916 operis
1212 2833 1381 2896 editionem
1398 2833 1519 2896 differri

174 2935 296 2998 debere
319 2947 567 3000 consentaneum
592 2948 671 3000 erat.
720 2939 828 3019 ltaque
851 2938 1078 3017 llommsenus‚
1111 2939 1209 3000 satius
1238 2956 1307 3000 esse
1331 2946 1418 3000 ratus
1441 2956 1522 3018 qua-

174 3039 248 3102 dem
277 3050 371 3102 tenus
399 3040 528 3122 prodire
557 3061 653 3123 quam
685 3041 766 3103 banc
796 3050 918 3122 partem
950 3041 1077 3102 omnino
1105 3042 1268 3121 omittere,
1307 3061 1374 3103 rem
1398 3042 1439 3102 ita
1462 3039 1521 3102 ad-

175 3145 377 3222 ministravit,
403 3155 439 3206 ut
461 3144 605 3224 glandes,
637 3162 858 3227 quaecumque
881 3154 957 3207 tuno
979 3144 1020 3206 ab
1042 3145 1113 3206 aliis
1136 3143 1241 3206 editae
1265 3144 1402 3222 fuerant,
1429 3145 1520 3206 colli-

172 3257 263 3326 geret
289 3245 369 3328 (ipse
385 3249 468 3310 enim
492 3257 557 3310 tres
579 3258 702 3312 tantum
718 3247 849 3329 glandes
864 3249 1065 3310 llonaoenses
1081 3246 1319 3330 descripserat),
1345 3246 1386 3309 ad
1409 3257 1519 3308 auoto-

174 3369 227 3411 res
242 3369 316 3412 suos
339 3361 514 3428 revocaret,
540 3351 579 3414 ad
602 3352 681 3414 artis
704 3352 790 3432 leges
806 3351 959 3430 exigeret.
992 3351 1032 3412 Et
1047 3360 1132 3413 recte
1148 3348 1278 3432 quidem
1295 3351 1517 3430 Mommsenus,

172 3463 333 3533 quatenus
355 3455 483 3515 omnino
506 3456 609 3536 potuit
632 3455 687 3536 qui
712 3453 779 3516 lero
802 3455 877 3516 solis
899 3453 1088 3535 apographis
1111 3453 1223 3514 alienis
1240 3462 1396 3532 uteretur,
1424 3463 1455 3514 et
1478 3451 1518 3515 de

173 3557 348 3638 legentium
380 3557 543 3620 erroribus
571 3567 603 3620 at
630 3556 671 3619 de
701 3555 898 3619 falsariorum
924 3555 1091 3620 fraudibus
1103 3557 1122 3638 ¹)
1150 3554 1314 3636 iudicavit,
1347 3564 1431 3616 corte
1454 3574 1516 3616 non

172 3659 324 3721 iudicavit
353 3661 450 3722 nimis
484 3679 614 3742 severe,
656 3679 729 3723 nam
758 3670 895 3741 utraque
929 3660 1023 3723 etiam
1053 3660 1147 3722 latius
1176 3671 1287 3740 patere
1316 3678 1402 3721 nuno
1431 3678 1517 3720 com-

171 3761 359 3843 probavisse
383 3763 458 3824 mihi
483 3760 603 3824 videor.
652 3762 770 3825 Eadem
800 3762 866 3826 lere
889 3764 1020 3826 matoria
1050 3783 1128 3826 usus
1155 3772 1203 3825 ost
1225 3761 1430 3840 llitscbelius‚
1464 3762 1515 3824 cui

168 3855 306 3926 ‘Priscae
337 3865 513 3927 Latinitatis
544 3867 753 3928 Monumentis
776 3857 1008 3948 Epigrapbicis'
1037 3866 1190 3929 volumini
1225 3865 1327 3946 primo
1359 3863 1519 3927 adiunctis

170 3967 327 4046 imagines
349 3966 512 4048 glaudium
536 3967 737 4030 exhibendae
761 3980 884 4046 essant;
918 3988 990 4030 nam
1014 3969 1182 4050 plorasque
1207 3968 1335 4048 repetiit
1356 3986 1396 4029 ox
1420 3966 1515 4029 editis

170 4069 274 4150 libris,
301 4089 418 4151 paucas
441 4070 481 4133 ad
504 4071 649 4152 exempla
672 4071 841 4152 delineata,
867 4090 948 4154 quae
970 4074 1130 4134 Brunnius
1153 4080 1185 4133 et
1207 4071 1362 4134 Marabius
1387 4089 1458 4132 oum
1481 4089 1518 4131 eo

169 4174 492 4236 communicaverant.
534 4174 597 4237 Sed
614 4175 695 4236 banc
710 4185 988 4238 monumentorum
1002 4177 1141 4255 speciem
1156 4175 1380 4237 accuratiorem
1396 4183 1428 4236 et
1443 4193 1517 4254 pro-

167 4277 275 4358 priam
308 4276 370 4338 sibi
404 4297 531 4358 operam
565 4296 713 4358 poscere,
760 4289 897 4360 uterque
932 4277 1018 4341 baud
1053 4279 1210 4360 ignoravit
1243 4287 1274 4339 et
1308 4265 1517 4340 llom'msenus

169 4378 292 4442 diserte
315 4379 476 4461 professus
499 4381 626 4443 estvol.
645 4382 704 4462 lp.
728 4383 786 4442 l88
808 4380 858 4464 (ei.
878 4402 910 4464 p.
932 4383 1006 4458 ⁴89,
1031 4381 1087 4443 ubi
1103 4379 1144 4443 de
1159 4378 1325 4443 Asculanis
1348 4379 1515 4462 loquitur).

168 4483 267 4544 llulto
291 4483 385 4543 etiam
408 4484 507 4564 magis
531 4483 685 4547 eiusmodi
716 4483 832 4546 laboris
856 4487 1030 4547 necessitas
1052 4484 1218 4566 apparuit,
1251 4493 1418 4564 postquam
1442 4481 1515 4543 inde

166 4586 212 4647 ab
235 4585 416 4646 annotatt
442 4587 616 4650 immensus
639 4587 803 4668 glandium
825 4589 1013 4668 scriptarum
1038 4605 1191 4650 numerus
1214 4585 1361 4668 provenit
1384 4594 1415 4646 el
1437 4583 1517 4646 fides

167 4707 280 4750 earum
309 4698 395 4750 tanto
422 4689 527 4752 studio
555 4699 705 4771 tantaque
735 4691 781 4752 ira
810 4688 981 4772 disceptari
1011 4699 1120 4772 coepta
1149 4698 1208 4751 est.
1254 4689 1364 4769 ltaque
1388 4687 1443 4768 qui
1468 4689 1518 4748 in-

165 4791 400 4872 scriptionibus
423 4793 542 4856 Latiuis
572 4793 759 4876 colligendis
790 4794 831 4856 ab
860 4794 1019 4858 academia
1050 4793 1244 4856 Berolinensi
1275 4791 1411 4874 delegati
1442 4801 1517 4855 sunt

165 4895 395 4975 decreverunt,
422 4906 458 4959 ut
480 4896 645 4978 glandium
668 4898 775 4960 Latine
799 4898 1024 4980 inscriptarum
1048 4895 1146 4958 editio
1170 4897 1201 4958 in
1225 4897 1282 4958 bao
1305 4894 1517 4978 Ephemerida

164 4998 364 5080 publicanda
397 5010 584 5081 pararetur,
611 5001 745 5081 eiusque
768 5019 877 5062 curam
900 5001 977 5062 mibi
999 4998 1286 5063 demandaverunt.

241 5275 265 5337 t)
296 5275 371 5326 Addo
396 5289 466 5340 quae
485 5276 669 5326 lllommsenus
689 5275 784 5326 eodem
805 5279 926 5342 tempore
951 5275 985 5324 de
1017 5276 1068 5326 bac
1092 5289 1122 5326 re
1145 5278 1172 5326 ln
1199 5277 1267 5326 solt.
1287 5273 1345 5325 rlelt'
1366 5275 1427 5324 lnat.
1449 5277 1515 5323 taos

162 5377 195 5430 p.
217 5363 251 5409 lt)
269 5361 347 5411 dixit.
