3702 5962
579 549 624 600 el·
641 549 813 610 mulotes
832 549 990 604 Picenae,
1437 543 1458 610 7

124 751 180 804 enti
201 749 276 806 bace
298 747 389 804 relata
411 753 479 803 sunt
501 745 666 803 acastellio
681 745 846 816 professore
863 745 1117 818 liipatransonensi
1141 753 1169 804 et
1192 747 1350 807 Gabriellio
1365 748 1460 808 Αεοιι-

124 852 186 911 lano.
235 851 286 908 lile
308 851 481 907 Bassottium
504 849 798 919 Ripatransonensem
820 848 1025 918 architectum,
1058 855 1124 906 ente
1147 849 1201 908 bos
1231 852 1341 923 aliquot
1369 868 1460 911 annos

125 961 276 1022 nanuum,
303 953 450 1010 dicentem
472 951 583 1009 audivit
604 967 636 1008 se
659 954 740 1024 operi
763 951 804 1008 illi
833 951 870 1007 ad
896 959 1009 1022 portam
1032 951 1189 1011 Romanam
1210 953 1344 1011 iaciendo
1367 957 1459 1012 inter-

124 1059 200 1114 iuisse
224 1064 254 1114 et
281 1056 429 1129 glandium
452 1051 492 1111 ibi
515 1057 629 1126 copiam
659 1055 805 1112 invenisse
832 1053 929 1113 modio
957 1056 1144 1112 metiendam.
1199 1056 1355 1115 Gabriellio
1385 1064 1459 1115 teste

125 1160 281 1218 Vincentius
309 1159 405 1216 Loreti
431 1160 616 1215 inventarum
647 1165 714 1216 ante
741 1157 795 1215 bos
822 1157 885 1214 lere
913 1159 963 1214 LX
992 1173 1083 1216 annos
1111 1159 1259 1231 glandium
1290 1163 1459 1217 memoriam

124 1269 189 1320 unet
211 1271 300 1335 atque
322 1263 463 1320 Antonius
478 1259 583 1332 Orsini,
610 1259 748 1318 historiae
770 1261 909 1318 naturalis
931 1263 1081 1333 proiessor
1102 1269 1131 1319 et
1153 1269 1269 1320 senator
1283 1261 1454 1334 asculanus,

124 1370 223 1424 unicus
238 1367 351 1434 Delfici,
378 1365 505 1422 namavit
524 1363 646 1435 glandes
668 1365 763 1421 musei
784 1363 923 1421 Asculani
945 1367 1076 1438 quinque
1098 1381 1221 1424 numero
1245 1371 1282 1424 oo
1308 1369 1459 1438 insignitas

128 1462 200 1541 [an.
219 1475 303 1535 dno.
331 1473 360 1538 a,
377 1484 401 1526 1.
428 1473 479 1537 33,
496 1484 519 1524 ι.
547 1471 598 1536 33,
615 1483 638 1524 ι.
666 1463 714 1543 al)
741 1473 803 1524 tum
830 1467 867 1523 ad
894 1473 1007 1539 portam
1036 1469 1194 1525 itomanam
1216 1470 1247 1525 in
1275 1469 1460 1528 demoliendo

126 1588 194 1630 noro
218 1576 351 1644 repertas
373 1585 452 1640 esse;
484 1569 614 1636 eaedem,
641 1574 673 1626 ut
693 1569 750 1627 boc
772 1569 887 1640 addam,
914 1569 965 1628 diu
986 1577 1052 1627 ante
1075 1587 1164 1648 quam
1186 1587 1319 1629 museum
1343 1572 1460 1643 publico

125 1679 176 1732 osui
205 1679 370 1748 aperiretur
396 1667 482 1751 (anno
508 1665 600 1749 3336)
633 1679 662 1730 et
687 1686 776 1743 ιιιιιιιιι
798 1673 912 1729 oiiicina
935 1674 1157 1730 Vincenziniana
1181 1676 1384 1746 inscriptiones
1407 1693 1460 1734 er-

125 1777 221 1834 oudere
244 1777 422 1847 coepisset,
441 1777 498 1832 iem
521 1777 551 1832 in
573 1776 653 1843 curia
675 1773 844 1845 municipali
873 1775 910 1832 ab
933 1773 1047 1833 Orsinio
1069 1790 1128 1833 nna
1150 1791 1217 1833 eum
1246 1779 1337 1849 ipsius
1359 1795 1460 1837 museo

124 1880 249 1937 historiae
272 1880 411 1937 naturalis
432 1879 484 1936 sed
508 1878 615 1936 scrinio
638 1883 771 1949 separato
795 1875 1029 1948 asservabantur,
1061 1878 1097 1934 sd
1120 1893 1228 1950 easque
1250 1881 1322 1937 nulli
1344 1889 1461 1954 praeter

125 1985 206 2055 ipsum
237 1981 357 2056 patebat
385 1981 496 2052 aditus;
529 1997 564 2038 ec
587 1987 666 2038 certe
688 1981 735 2038 vel
763 1979 802 2038 ob
824 1981 881 2038 bo'c
903 1983 995 2038 maior
1016 1983 1059 2036 eis
1085 1981 1158 2038 fldes
1181 1981 1315 2040 habenda
1338 1991 1392 2040 est.
1417 2013 1460 2024 —

125 2085 168 2143 Sed
189 2088 357 2144 accuratior
378 2084 415 2142 de
437 2085 488 2156 iis,
521 2098 598 2155 quae
620 2081 661 2139 ibi
683 2087 798 2140 inventa
827 2087 901 2150 sint,
935 2083 1035 2140 notitia
1058 2085 1175 2141 omnino
1197 2084 1395 2154 desideratur,
1429 2089 1459 2142 in

124 2192 211 2258 primis
226 2195 325 2245 antem
348 2189 538 2244 instrumenta
557 2187 605 2243 illa
619 2186 766 2258 glandium
789 2185 1003 2244 fundendarum
1017 2187 1114 2258 qualia
1136 2186 1242 2244 luerint
1263 2195 1292 2245 et
1307 2204 1365 2260 quo
1388 2205 1460 2261 per-

124 2294 254 2360 venerint,
275 2291 381 2346 trustra
396 2291 544 2363 inquisivi.
580 2289 644 2346 vidi
660 2287 779 2362 quidem
794 2289 902 2346 Rornae
921 2295 951 2345 et
965 2288 1125 2346 Florentiae
1145 2288 1203 2347 duo
1219 2307 1295 2362 quae
1311 2293 1374 2349 eius
1388 2307 1460 2350 usus

125 2395 201 2451 tunsa
223 2393 379 2462 dicuntur,
411 2399 440 2450 at
462 2409 496 2449 ea
520 2394 634 2451 novicia
656 2407 722 2449 esse
744 2393 928 2448 maniiestum
951 2396 1005 2460 est,
1031 2398 1064 2449 nt
1085 2393 1216 2450 labarios
1239 2409 1271 2450 ea
1294 2397 1459 2454 narratione

123 2496 217 2554 abusos
240 2511 307 2552 esse
330 2501 443 2568 pateat3
470 2498 526 2552 nisi
540 2495 614 2554 torte
637 2500 695 2553 tota
718 2494 824 2551 iliade
847 2494 971 2552 inventis
985 2493 1084 2552 Asorffl
1098 2495 1128 2550 id
1151 2511 1243 2567 genus
1261 2497 1459 2554 instrumentis

124 2599 236 2657 mrratio
260 2613 341 2656 mera
363 2605 409 2655 est
429 2597 538 2668 tabula,
564 2615 580 2654 a
604 2598 725 2655 labaris
747 2600 777 2653 iu
796 2597 901 2668 vulgus
922 2612 1032 2669 sparse.
1073 2597 1169 2654 Unum
1191 2603 1284 2656 canat
1305 2602 1334 2654 in
1357 2615 1460 2658 museo

123 2702 318 2769 broheriano,
352 2701 470 2771 iorceps
492 2699 604 2758 ahenea
631 2699 746 2772 patellis
768 2697 882 2756 duabus
904 2699 1005 2773 quales
1031 2699 1184 2772 ligularum
1206 2709 1371 2759 nostrarum
1393 2709 1460 2760 nint

123 2805 256 2874 praelixa;
291 2803 344 2859 sed
367 2802 470 2873 robigo
492 2803 567 2858 male
590 2803 664 2860 iactu
687 2809 740 2870 est,
768 2805 918 2875 magisque
940 2805 1026 2860 ctiam
1048 2804 1176 2875 ineptam
1198 2803 1329 2861 fraudem
1351 2807 1456 2878 arguit,

123 2907 190 2977 quod
212 2905 335 2980 patellae
357 2904 498 2962 foramine
521 2912 641 2986 carent,
665 2919 724 2976 quo
747 2905 899 2977 plumbum
922 2905 1034 2963 iniundi
1057 2907 1158 2976 possit.
1205 2906 1336 2964 Alterum
1358 2924 1461 2966 exem-

123 3009 208 3080 plum,
241 3007 321 3080 quod
343 3007 403 3064 ridi
426 3007 503 3079 apud
529 3007 727 3064 marchionem
749 3007 883 3064 Carolum
905 3007 1016 3065 Strozzi
1038 3009 1252 3078 Florentinum,
1284 3015 1328 3067 est
1349 3011 1459 3069 formae

122 3113 213 3168 similis
234 3112 363 3168 abeneae
386 3109 504 3166 dimidia
526 3123 604 3179 pars,
629 3107 762 3181 robigine
785 3109 905 3182 quidem
927 3113 1126 3181 antiquitatem
1148 3109 1224 3168 bene
1247 3113 1386 3170 simulans
1406 3113 1458 3170 sed

121 3229 170 3271 non
191 3217 286 3272 minus
309 3217 408 3285 inepte
431 3211 621 3270 loraminibue
643 3213 783 3270 instructa
805 3211 914 3281 tribua,
947 3227 1074 3284 quorum
1104 3212 1162 3269 duo
1184 3216 1214 3268 in
1239 3214 1363 3285 patellae
1386 3232 1459 3273 acu-

122 3317 250 3385 minibus,
274 3318 394 3373 tertium
415 3317 446 3372 in
467 3315 563 3373 media
585 3317 722 3387 marginis
743 3321 827 3386 parte
849 3320 951 3372 exstat.

196 3420 280 3476 Extra
311 3421 489 3476 territorium
517 3416 692 3476 Aeculanum
722 3433 833 3490 paucae
863 3417 983 3488 glandes
1011 3423 1146 3488 repertae
1175 3424 1259 3474 sunt:
1309 3411 1334 3494 l)
1367 3435 1459 3492 prope

121 3522 236 3578 Firmum
267 3515 308 3597 (3.
339 3525 387 3590 lt,
409 3515 430 3596 ι)
462 3537 556 3595 prope
583 3520 719 3578 vibratae
752 3520 857 3577 vallem
888 3519 1062 3577 Truentinee
1092 3521 1254 3593 proximam
1283 3524 1312 3578 in
1350 3523 1457 3595 oppido

121 3625 274 3696 Corropoli,
301 3623 340 3681 ad
361 3625 417 3680 sin.
442 3623 577 3681 vibratae
599 3625 654 3680 sito
678 3628 707 3679 et
732 3624 801 3678 circ.
827 3621 905 3679 xvii
928 3637 967 3678 m.
985 3637 1015 3692 p.
1035 3621 1143 3680 Asculo
1166 3621 1282 3680 distanti
1309 3617 1349 3700 (v.
1368 3639 1397 3681 ιι.
1426 3631 1455 3680 3.

123 3731 147 3783 5.
173 3733 200 3796 3,
218 3743 242 3786 a.
274 3733 390 3798 8,1.o.
426 3721 489 3804 lt),
524 3733 553 3783 et
580 3741 674 3798 prope
709 3724 847 3797 oppidum
878 3726 1027 3784 Tortoreto
1058 3743 1075 3784 e
1102 3728 1221 3798 regione
1256 3725 1342 3784 buius
1371 3729 1459 3785 situm

126 3823 203 3904 (l,s.
229 3836 257 3899 6,
276 3823 317 3898 sl.
377 3829 421 3886 De
449 3829 512 3886 aliis
541 3843 600 3887 non
625 3829 749 3885 traditur
774 3830 832 3884 nisi
861 3831 942 3900 origo
970 3829 1116 3886 Picentina
1144 3821 1184 3904 (l,
1204 3843 1228 3887 ι.
1262 3834 1291 3898 6,
1312 3847 1335 3886 ι.
1368 3835 1398 3899 3,
1416 3844 1456 3888 ιι.

125 3926 168 4006 {ao
197 3924 355 4009 suspecta].
391 3937 441 4000 33,
462 3947 486 3989 1.
519 3935 568 4000 lo,
588 3927 609 4008 ι)
647 3937 697 3988 aut
724 3929 864 4003 Aprutina
896 3923 937 4008 (6,
956 3925 996 4008 ι).
1055 3933 1163 3990 Earum
1189 3934 1317 4004 exceptis
1347 3938 1375 3991 3.
1407 3937 1456 3992 tt.

126 4037 167 4090 13.
196 4029 257 4110 [20]
282 4034 413 4092 omnium
436 4035 490 4090 alia
514 4035 645 4105 exempla
665 4032 763 4092 Asculi
786 4040 901 4106 reperta
925 4050 989 4092 cese
1013 4041 1136 4093 constat.
1160 4063 1204 4076 -
1225 4037 1359 4108 Denique
1381 4037 1457 4093 baud

122 4151 223 4206 paucae
245 4143 358 4194 exstant
380 4139 410 4194 in
438 4139 545 4193 muscis
567 4139 692 4194 maxime
714 4137 856 4208 publicis,
892 4152 1015 4210 quarum
1046 4140 1127 4210 origo
1150 4154 1208 4196 non
1236 4139 1370 4196 adnotata
1394 4145 1455 4208 est;

123 4237 168 4292 sed
191 4255 239 4295 cae
254 4241 377 4297 aliorum
393 4240 591 4311 exemplorum
615 4254 671 4310 ope
686 4238 792 4298 Asculo
814 4238 901 4296 tribui
921 4245 1088 4312 potuerunt.
1114 4269 1157 4280 -
1179 4241 1240 4297 Una
1259 4247 1287 4308 3,
1303 4257 1331 4298 ιο
1347 4241 1460 4298 Labicis

121 4347 229 4411 reperta
256 4357 321 4398 esse
349 4341 457 4410 lertur3
491 4341 571 4414 quod
600 4344 625 4398 si
651 4357 755 4399 rerum
785 4348 844 4410 est,
877 4342 945 4399 illuc
975 4358 1057 4400 mero
1080 4359 1151 4400 casu
1173 4344 1235 4400 sive
1257 4345 1374 4413 antiqua
1396 4345 1458 4399 sive

121 4445 272 4501 recentiore
294 4449 388 4501 aetate
411 4443 536 4500 delatam
559 4459 624 4501 esse
646 4451 727 4516 puto.

199 4545 367 4604 litterarum
389 4547 480 4604 forma
503 4549 573 4604 satis
594 4549 689 4619 prisca
713 4553 771 4616 est,
797 4547 851 4604 sed
873 4563 932 4605 non
954 4553 1012 4605 tarn
1036 4548 1153 4618 elegans
1177 4562 1265 4618 quam
1286 4549 1316 4602 in
1339 4546 1459 4605 Graecis

121 4653 146 4703 ct
166 4648 336 4722 Pisonianis,
369 4652 457 4708 immo
483 4649 585 4708 rudior
612 4657 642 4707 et
669 4649 786 4708 modulo
809 4654 933 4720 maiore;
968 4652 1035 4708 ain
1058 4655 1112 4708 3o.
1140 4648 1192 4707 33.
1219 4649 1269 4706 li.
1297 4653 1379 4718 tl,r
1407 4667 1459 4708 re-

120 4752 236 4824 peritur,
263 4769 278 4809 r
300 4753 414 4825 ubique
436 4759 566 4825 apertam
588 4752 677 4812 babet
699 4754 847 4824 lunulam,
874 4769 900 4810 ιι
923 4771 958 4811 ex
980 4769 1062 4811 mora
1084 4754 1203 4823 antiquo
1226 4750 1339 4810 duabus
1360 4767 1382 4809 ιι
1405 4771 1459 4812 co-

120 4854 236 4910 niunctis
256 4855 358 4912 similis
381 4861 435 4912 est.
483 4858 526 4912 De
548 4858 655 4913 ceteris
684 4857 755 4914 nibil
782 4858 941 4915 notandum
969 4857 1022 4912 nisi
1051 4855 1131 4927 quod
1153 4861 1271 4928 praeter
1292 4873 1312 4912 a
1334 4857 1460 4915 babetur

120 4957 145 5010 in
172 4973 202 5012 n.
223 4963 299 5026 13,ι
328 4974 363 5028 n,
396 4961 428 5015 in
455 4975 485 5015 n.
508 4964 589 5028 l6‚2
618 4976 653 5018 ac
676 4960 798 5017 tortasse
828 4975 840 5018 a
875 4976 895 5016 Α
919 4965 1012 5016 exstat
1039 4957 1104 5014 talis
1129 4972 1152 5014 π
1183 4965 1212 5015 et
1241 4965 1357 5031 praeter
1385 4974 1401 5015 s
1429 4963 1458 5016 in

120 5073 146 5112 n.
167 5063 183 5114 8
207 5058 274 5118 baec
296 5075 317 5116 ιι
339 5062 443 5118 torma.

202 5161 402 5222 billicillimum
422 5171 510 5238 atque
533 5164 770 5222 molestissimum
792 5181 912 5232 munus,
940 5180 998 5236 quo
1021 5165 1155 5238 periungi
1178 5164 1277 5234 debui,
1304 5171 1365 5222 eret
1386 5163 1453 5234 boc,

119 5268 150 5316 ut
171 5277 298 5324 caverem
322 5283 339 5322 a
362 5267 543 5324 falsariorum
565 5267 735 5338 fraudibus,
762 5267 870 5339 quibus
893 5267 965 5324 baec
989 5270 1031 5324 rei
1054 5267 1257 5340 epigrapbicae
1280 5281 1347 5339 pars
1370 5282 1459 5338 supra
