3702 5962
572 573 616 624 ΕΤ
633 571 807 632 nnmovan
828 573 983 624 eleanan.
1411 561 1455 632 19

1173 697 1270 704 -——.-

117 765 200 850 8l=
217 773 303 845 corp.
320 771 362 828 lX
383 785 415 827 n.
435 773 528 840 6066,
548 763 612 841 vni]
657 772 666 824 7
695 784 758 840 rep.
784 785 813 824 e.
836 770 914 824 7877
939 768 1088 841 Corropoli
1110 771 1139 826 in
1161 771 1301 827 contrado
1321 772 1454 832 Petincro

197 869 370 951 [eodemque
399 888 474 930 anno
505 877 602 943 empta
632 888 648 927 a
678 887 779 928 museo
807 869 950 928 Asculano
979 887 1011 928 6.
1038 865 1146 947 7797]
1198 873 1308 931 Pendet
1339 879 1376 933 76
1407 894 1450 948 36.

193 977 326 1036 Obducta
350 981 395 1032 est
416 975 548 1046 robigine
571 975 658 1046 gilva.

155 1088 169 1138 7
193 1097 256 1153 rep.
274 1080 422 1150 Corropoli
441 1072 528 1153 [inter
549 1094 576 1133 6.
599 1079 678 1135 7676
703 1083 732 1133 67
747 1075 832 1134 Febr.
856 1080 937 1135 7877
953 1079 1032 1134 venit
1046 1079 1076 1133 in
1091 1093 1166 1135 mus.
1185 1077 1284 1136 76667.
1304 1097 1334 1137 6.
1355 1087 1449 1153 7077,

195 1184 231 1240 ab
260 1185 318 1240 boc
347 1199 375 1239 e.
404 1182 482 1238 7877
516 1180 620 1237 donata
652 1195 754 1238 museo
784 1180 961 1238 Berolinensi
990 1196 1019 1237 6.
1048 1175 1157 1257 7376]
1203 1183 1312 1241 Pendet
1344 1189 1449 1258 7736.

195 1285 325 1344 Obducta
356 1289 401 1342 est
429 1284 561 1354 robigine
588 1281 680 1354 giba,
717 1284 866 1355 inscriptio
894 1299 930 1340 ex
958 1283 1060 1341 eadem
1088 1284 1172 1354 plane
1200 1286 1291 1344 torma
1319 1291 1454 1360 provenit

194 1397 280 1462 atque
304 1403 334 1444 n.
357 1392 383 1444 1.

156 1499 170 1549 3
199 1486 285 1568 [apud
309 1491 499 1548 Garruccium
521 1506 559 1547 an
581 1491 659 1562 epud
681 1491 880 1548 marchionem
903 1490 1010 1549 Strozzi
1033 1487 1259 1569 Florentinumi]

123 2081 147 2128 t:
171 2073 239 2132 Tab.
255 2075 289 2130 lll
310 2079 359 2131 77.
406 2075 553 2146 Descripsi
576 2079 608 2130 67
629 2089 728 2144 supra.

121 2184 149 2233 t:
175 2177 244 2234 Tab.
258 2177 293 2232 Vl
314 2181 362 2234 77.
410 2178 567 2248 Descripsi.

120 2287 133 2336 3
156 2282 291 2338 Garmcci
313 2279 430 2352 Sylloge
452 2298 482 2353 p.
504 2285 576 2338 766.

196 2399 336 2470 Quartum
358 2401 482 2458 tortasse
505 2402 653 2472 exemplar
675 2403 788 2456 exstare
810 2415 898 2472 supra
922 2400 957 2455 ad
981 2415 1010 2456 n.
1032 2405 1060 2467 6,
1079 2413 1107 2457 ao
1130 2397 1199 2456 dixi.

155 2537 216 2594 Fer.
241 2568 285 2578 —
307 2537 384 2608 Quid
406 2539 548 2610 significet
570 2537 655 2610 plane
678 2538 821 2594 incertum
844 2542 898 2592 est.
938 2537 980 2592 De
994 2528 1078 2614 serfi)
1093 2541 1248 2609 propterea
1264 2539 1384 2608 cogitari
1405 2543 1453 2595 vix

117 2641 193 2710 licet,
224 2641 302 2712 quod
324 2641 381 2698 boc
404 2644 433 2697 in
454 2641 607 2710 glandibus
630 2657 688 2698 non
710 2642 855 2713 reperitur
876 2641 932 2696 nisi
953 2639 1090 2696 adiuncto
1113 2642 1293 2708 accusativo;
1329 2641 1395 2698 vide
1417 2643 1454 2698 ad

118 2758 143 2797 6.
159 2748 188 2800 6.
204 2771 248 2783 -
269 2745 464 2801 Mommsenus
487 2743 550 2800 lieri
572 2759 660 2815 posse
679 2743 844 2812 arbitratur,
870 2747 903 2798 ut
925 2756 983 2798 666
1006 2745 1035 2798 76
1057 2742 1104 2798 7176
1128 2743 1219 2799 lorma
1246 2735 1291 2818 (ex
1311 2759 1369 2815 qua
1385 2758 1415 2799 n.
1439 2750 1448 2801 7

24 2803 25 2892 l
118 2853 144 2900 et
168 2861 197 2901 6.
224 2851 252 2914 t,
286 2847 406 2904 lortasse
436 2863 466 2902 6.
496 2851 512 2904 3
538 2863 656 2918 quoque
678 2837 885 2922 provenerunt)
913 2860 1012 2902 errore
1034 2846 1174 2916 scriptum
1197 2845 1284 2902 luerit
1310 2863 1362 2918 pro
1386 2861 1449 2915 r1a;

117 2947 233 3004 litteram
255 2963 271 3003 ε
293 2950 370 3004 enim
394 2949 423 3003 in
445 2949 523 3004 66176
546 2949 601 3006 alia
623 2949 728 3021 glande
749 2949 806 3006 boc
829 2963 848 3004 ιι
871 2963 1039 3020 expressam
1062 2963 1138 3005 6666.

116 3125 136 3193 9
153 3127 205 3208 [=
219 3136 302 3209 Corp.
319 3135 359 3190 tx
375 3153 405 3192 n.
422 3140 515 3206 6086,
532 3129 572 3212 67]
609 3141 618 3192 1
641 3135 738 3194 766617
760 3143 827 3193 6676
842 3137 891 3194 tx
914 3137 973 3193 lere
996 3153 1087 3194 annos
1109 3136 1145 3193 ad
1169 3143 1280 3208 portam
1297 3139 1454 3195 Romanam

220 3255 281 3311 rep.
297 3254 361 3294 esse
377 3239 483 3296 dicitur
501 3235 542 3314 [in
563 3255 666 3298 museo
688 3239 786 3296 76661.
812 3247 874 3297 6667
895 3245 974 3298 66676
997 3241 1053 3296 iam
1069 3255 1145 3298 anno
1166 3244 1262 3306 7666;
1288 3255 1317 3295 6.
1339 3244 1389 3307 90,
1408 3233 1452 3314 7].

219 3341 325 3398 Pendet
349 3344 387 3398 67
411 3357 457 3413 gr.

180 3446 246 3500 776
267 3443 427 3502 castellano
457 3460 521 3516 rep.
558 3438 604 3521 [er
632 3460 708 3502 anno
742 3447 820 3501 7677
852 3445 882 3500 76
909 3459 983 3500 mus.
1008 3442 1107 3500 76661.
1139 3459 1168 3500 6.
1191 3438 1298 3520 7107]
1346 3445 1455 3502 Pendet

220 3551 257 3604 66
280 3562 325 3618 36.

180 3651 245 3706 376
275 3649 435 3706 0667611666
463 3666 526 3721 rep.
557 3641 635 3724 [inde
658 3648 695 3705 ab
717 3667 744 3706 a.
768 3652 847 3708 7677
872 3651 901 3704 76
923 3664 998 3705 mus.
1016 3648 1113 3706 76661.
1140 3643 1299 3726 6.1717].
1348 3651 1456 3709 Pendet

219 3756 255 3809 78
280 3768 323 3823 36.

180 3856 245 3910 776
268 3854 429 3912 Castellano
456 3867 519 3927 rep.
550 3848 628 3931 [inde
656 3854 693 3911 ab
716 3871 744 3910 6.
767 3858 845 3913 7677
871 3857 900 3910 76
922 3869 998 3911 mus.
1016 3853 1113 3912 76667.
1140 3873 1169 3913 6.
1193 3849 1298 3933 7777]
1346 3856 1457 3915 Pendet

220 3960 255 4014 61
280 3974 324 4029 36.

178 4063 194 4116 6
220 4053 306 4135 [mus.
324 4059 393 4116 766.
419 4077 447 4115 6.
469 4063 547 4118 7677
572 4075 602 4115 6.
626 4053 732 4135 tino]
779 4060 889 4116 Pendet
913 4063 951 4118 66
974 4076 1018 4131 36.

179 4166 194 4217 6
220 4155 305 4237 [mne.
324 4161 393 4219 766.
418 4179 445 4218 6.
469 4166 547 4220 1677
572 4155 731 4238 61167]
778 4162 888 4219 Pendet
912 4167 950 4220 69
975 4179 1019 4235 36.

180 4263 314 4322 7766677
337 4281 403 4336 rep.
432 4259 517 4340 [mus.
536 4264 603 4321 766.
630 4283 657 4321 6.
680 4269 758 4324 7677
784 4281 813 4321 n.
836 4258 943 4340 1679]
990 4265 1101 4323 Pendet
1124 4272 1162 4324 60
1187 4285 1229 4339 36.

180 4371 246 4422 876
269 4367 430 4424 castellano
457 4383 519 4439 rep.
550 4363 636 4442 [mus.
654 4366 722 4424 766.
748 4384 776 4424 a.
798 4372 876 4425 7673
902 4383 932 4424 6.
954 4362 1062 4444 7677]
1109 4369 1218 4427 Pendet
1242 4375 1279 4427 60
1305 4387 1349 4442 36.

180 4470 245 4524 976
268 4469 430 4526 castellano
445 4486 508 4542 rep.
538 4462 624 4544 [mus.
643 4467 709 4526 766.
730 4487 756 4527 a.
780 4474 858 4527 7877
876 4487 907 4527 6.
930 4464 1036 4546 1679]
1083 4471 1192 4527 Pendet
1217 4475 1255 4528 66
1279 4489 1323 4545 36.

163 4573 195 4626 77
217 4573 245 4628 76
260 4571 421 4629 0667671666
436 4587 499 4644 rep.
523 4565 610 4648 [mus.
626 4569 695 4628 766.
714 4574 790 4628 76766
808 4577 842 4630 76
861 4571 924 4630 067.
948 4577 1027 4630 7670
1045 4579 1074 4630 67
1089 4572 1174 4631 Febr.
1197 4577 1271 4630 1671
1293 4589 1323 4629 n.
1345 4568 1452 4650 1037]

218 4674 326 4731 Pendet
350 4679 389 4732 79
413 4691 457 4746 36.

162 4776 189 4830 17
219 4771 328 4850 [766617
351 4775 429 4848 apud
452 4777 651 4835 Venturinium
674 4773 848 4854 6667776666]

162 4879 192 4934 17
219 4871 328 4955 [766617
349 4878 429 4951 apud
443 4880 643 4938 Venturinium
658 4875 833 4956 aurificem]
860 4880 891 4936 ln
913 4887 990 4937 terra
1012 4885 1158 4952 repertam
1174 4895 1238 4938 esse
1254 4881 1340 4938 docet
1354 4882 1456 4956 robigo

216 4981 293 5040 alba.

162 5085 193 5141 73
220 5079 337 5158 [Romae
353 5085 383 5141 in
398 5100 499 5142 museo
511 5085 698 5142 liircberiano
714 5103 743 5142 n.
761 5079 845 5161 707]
870 5085 948 5141 71666
965 5085 1181 5154 inscriptionem
1196 5093 1228 5143 ut
1239 5087 1324 5144 eliam
1340 5080 1453 5164 (6667,

217 5195 258 5244 667
282 5187 352 5244 76166
376 5203 406 5243 6.
430 5181 470 5264 ti)
500 5188 635 5261 7663616
661 5190 723 5262 ripe
749 5188 795 5245 del
820 5189 922 5245 Proeto
950 5203 1014 5258 rep.
1041 5204 1106 5246 esse
1133 5192 1172 5246 ait
1201 5203 1299 5248 nrnrc.
1326 5207 1356 5263 p.
1377 5196 1449 5250 706.

217 5291 421 5362 inscriptiones
442 5304 532 5348 6666
552 5287 591 5366 (n.
616 5284 674 5368 Pl),
699 5305 784 5348 666...
809 5283 953 5366 (Perusina
968 5295 1001 5346 ut
1020 5291 1080 5348 vid.
1100 5299 1129 5350 et
1148 5294 1223 5350 male
1243 5293 1328 5363 lecta,
1355 5296 1392 5352 cl.
1419 5295 1455 5350 ad

1208 5407 1246 5457 2*
