3800 5986
695 601 855 653 GLANDES
874 600 1029 654 sevaihn.

187 788 397 859 ea*[corp.1x
417 787 492 856 teeti
514 792 539 842 in
559 804 657 844 museo
674 792 851 845 liircherieno
870 807 897 844 u.
912 796 971 843 4444.

764 893 832 936 lineis
845 893 961 934 ucat-elle

852 965 877 1002 m

190 1051 339 1116 Descripsi.
358 1075 394 1087 -
410 1050 451 1100 id
464 1050 567 1102 llinicii
586 1051 798 1102 delineationem
814 1049 858 1103 ed.
872 1049 988 1102 Fehretll
1001 1049 1080 1116 Corp.
1096 1051 1116 1099 l.
1130 1049 1188 1100 ital.
1210 1061 1236 1099 4.
1250 1053 1315 1099 itti
1335 1051 1362 1100 et
1374 1047 1429 1101 tab.
1440 1048 1536 1110 XLlV;

192 1137 327 1202 nuggiaro
345 1135 429 1188 Cetul.
451 1148 478 1188 4.
494 1139 553 1186 444.

243 1224 327 1274 Glens
340 1223 503 1288 celantique
522 1223 623 1288 speciei
635 1221 802 1287 hsouleuae,
822 1223 870 1275 aad
889 1223 978 1276 littera
990 1223 1094 1274 recenti
1111 1225 1233 1286 tempora
1247 1222 1342 1272 444444
1356 1223 1405 1272 est.
1442 1232 1458 1270 e
1477 1218 1538 1270 lori.

191 1312 300 1375 sumpta
318 1313 360 1360 est
377 1320 411 1360 ex
429 1321 541 1360 nummo
559 1309 644 1374 4)(44
664 1307 707 1371 (44.
722 1309 841 1361 Fabretti
859 1322 882 1361 s.
896 1307 1048 1372 v.hscu1.)‚
1068 1309 1116 1373 qui
1134 1321 1195 1360 esse
1206 1307 1359 1359 esculanus
1372 1307 1492 1373 putetur.
1505 1331 1540 1344 ·-

191 1395 309 1447 Fahretti
328 1398 356 1446 et
372 1395 504 1459 huggiero
522 1395 556 1446 de
575 1396 732 1446 sinceritate
750 1409 805 1446 uon
824 1395 1027 1447 dubitaverunt.

190 1545 267 1602 eta*
282 1549 371 1616 [corp.
386 1549 423 1600 IX
436 1547 534 1613 assati]
564 1563 621 1615 rep.
642 1552 670 1601 iu
686 1550 761 1601 ltalia
780 1563 895 1614 4444444,
921 1551 969 1615 qui
992 1549 1105 1601 donavit
1122 1562 1217 1601 museo
1239 1549 1377 1600 societatis
1395 1547 1541 1598 historicen

226 1635 439 1688 huchochensis.
483 1635 616 1696 Quattuor
640 1649 767 1688 arearum
791 1639 834 1688 eat
856 1639 887 1688 ut
911 1636 1067 1688 Perusinae.
1112 1634 1215 1687 Pendet
1240 1639 1300 1698 4444
1319 1648 1372 1699 gr.;
1399 1634 1477 1698 longa
1501 1633 1542 1684 est

229 1724 320 1786 4,447;
342 1735 434 1774 crassa
454 1725 533 1784 4444
552 1724 579 1773 44
599 1725 687 1785 4447.

788 1823 860 1864 iiheiu
873 1824 938 1865 44444

554 1907 564 1952 4
649 1894 650 1898 ¹
927 1905 941 1952 8
1012 1917 1098 1958 4444444

554 2007 569 2054 ²
617 2025 787 2081 oriruv.
854 1909 881 2082 Χ
928 2009 942 2056 t

194 2133 332 2199 Descripei
349 2146 365 2183 e
383 2135 513 2184 societate
532 2132 647 2198 henigne
666 2135 786 2186 missam.
803 2160 834 2173 -
855 2135 903 2186 Ed.
916 2136 936 2185 1.
950 2135 981 2186 G.
994 2131 1090 2186 Pflster
1101 2133 1292 2186 444444444444
1309 2134 1354 2183 444
1365 2133 1423 2182 hiet.
1438 2132 1542 2183 Vereins

195 2223 222 2270 44
241 2218 436 2283 444444444444444
456 2221 522 2269 leet
539 2232 567 2284 p.
582 2222 614 2268 44
629 2223 656 2270 44
668 2223 699 2270 44
721 2221 816 2286 (Bergk
836 2220 954 2273 8444444.
974 2233 1002 2286 p.
1016 2223 1060 2271 444.
1074 2223 1117 2271 et.
1130 2221 1180 2282 47).

247 2305 330 2357 Glana
348 2305 420 2370 ipsa,
446 2305 571 2369 robigine
592 2303 746 2370 ferruginea
771 2307 891 2369 obtecta,
911 2307 1023 2372 antiqua
1047 2308 1088 2357 est
1110 2319 1143 2357 ec
1167 2304 1282 2356 tortasse
1305 2306 1331 2355 in
1356 2305 1428 2355 areis
1456 2305 1542 2354 tett

196 2393 324 2457 autiquae
343 2389 446 2455 figurae
464 2390 650 2443 litterarumvc
669 2394 782 2458 vestigia
801 2392 920 2445 exhibet.
949 2393 1003 2445 Sed
1021 2393 1163 2456 inscriptio
1185 2393 1214 2454 Q.
1231 2392 1279 2443 liti
1296 2391 1396 2456 4444444)
1415 2391 1473 2442 Vct
1490 2386 1545 2440 iul-

195 2478 278 2529 miuis
296 2477 383 2542 ligure
398 2477 536 2538 (liedusec
549 2481 630 2542 ceput
642 2490 702 2530 osse
718 2480 824 2544 putavit
837 2478 940 2544 Pfister)
958 2479 1130 2545 scariphatae
1143 2483 1234 2531 suute
1253 2477 1370 2532 leiserio.
1389 2503 1424 2514 -·
1443 2477 1544 2527 Puncta

196 2563 230 2614 ad
248 2563 333 2628 pedes
352 2563 504 2614 litterarum
522 2564 609 2629 posite
629 2567 701 2627 sunt,
722 2565 793 2616 sicut
811 2577 894 2631 supra
911 2565 1032 2619 exhibui.

194 2714 247 2770 63*
261 2717 350 2784 [Corp.
362 2719 399 2769 IX
420 2714 514 2782 mbae]
536 2732 610 2770 nuuc
628 2718 756 2771 Erbachii
775 2721 802 2770 in
821 2734 917 2772 museo
936 2721 1053 2772 comitis.

693 2820 777 2863 litteris
790 2821 918 2863 tucudando
931 2821 1046 2864 excavatis

833 2910 906 2955 loen

197 3011 349 3078 Descripsi3
376 3012 464 3076 prima
488 3015 543 3062 tam
562 3025 570 3062 4
588 3024 671 3078 quam
690 3026 704 3063 r
728 3025 788 3064 esse
810 3016 910 3079 potest.
929 3039 965 3052 —
989 3013 1072 3065 Gians
1090 3012 1233 3065 Asculanis
1252 3011 1348 3064 similis
1366 3013 1421 3073 est,
1442 3009 1547 3061 litterae

199 3097 324 3150 noviciae
342 3100 414 3148 sunt.

478 3479 658 3563 Glaedea
690 3479 1017 3564 elementariae
1046 3475 1257 3559 (444-8441).

199 3643 251 3699 64*
278 3645 367 3714 [Corp.
382 3647 419 3698 IX
438 3646 515 3713 tw]
541 3662 573 3699 ex
586 3649 685 3701 haculo
703 3649 738 3700 ab
756 3664 782 3701 4.
796 3649 860 3700 iude
880 3650 943 3699 4474
965 3649 1064 3699 missae
1078 3647 1194 3699 Parisios
1212 3647 1247 3698 ed
1262 3645 1481 3706 Feuardentiutn,
1501 3646 1549 3711 qui

236 3746 331 3785 earum
355 3732 499 3800 pleresque
520 3749 585 3786 cum
608 3749 702 3786 museo
720 3736 887 3787 Beroliucnsi
912 3735 1042 3786 emendes
1066 3733 1224 3797 obtulisset,
1249 3732 1423 3799 paratiquod
1442 3734 1549 3797 tempus

236 3820 274 3870 ihi
293 3819 443 3871 custoditae
465 3819 588 3886 luernut;
621 3821 721 3874 delude
743 3823 884 3873 restitutae
902 3821 1082 3872 Feuardcntio
1106 3821 1179 3886 apud
1203 3835 1266 3872 4444
1291 3819 1450 3870 adservatae
1473 3821 1546 3869 sunt.

235 3904 288 3956 Vhi
306 3917 380 3956 4444
398 3906 455 3956 4444
474 3919 569 3958 omues
587 3908 646 3958 sive
664 3920 698 3957 ex
715 3910 793 3973 parte
811 3910 926 3971 exstem,
946 3905 1015 3956 44444
1033 3907 1089 3958 dixi
1106 3921 1134 3971 p.
1150 3911 1208 3957 448.

237 3994 339 4041 4-464
357 3991 396 4041 De
414 4005 508 4042 cerum
521 3991 633 4057 4444444Ι
645 3993 712 4044 heac
729 3993 885 4057 traduntur,
905 3993 1011 4044 scilicet
1023 3991 1058 4044 ab
1072 3993 1105 4044 iis
1117 3993 1165 4058 qui
1177 3993 1360 4044 vendiderunt
1374 3990 1550 4043 Feuerdeutio

275 4076 359 4128 relata
378 4075 412 4126 ab
431 4089 517 4142 eoque
536 4080 737 4130 communicate
758 4093 820 4130 oum
839 4079 1022 4142 Deajardinio:

240 4167 336 4212 4-444
356 4170 504 4226 prosecant
516 4167 561 4216 dea
572 4171 690 4216 trcvouc
703 4166 735 4217 de
752 4169 938 4217 eumaemeat
954 4167 1084 4228 entrepria
1101 4165 1255 4216 recensuerit
1268 4165 1285 4216 d
1296 4164 1381 4216 Aacoli
1399 4176 1552 4216 4444444444

273 4247 339 4300 4444.
354 4251 369 4296 4
391 4249 477 4312 (4874)
496 4264 522 4315 p.
537 4253 561 4300 a.

241 4337 375 4384 444-444
403 4336 481 4400 (quaa
506 4349 569 4386 cum
592 4335 652 4385 44444
671 4339 703 4385 47
723 4335 821 4387 haculo
840 4337 938 4388 4444444
957 4336 1151 4388 Feuardentius
1169 4337 1276 4401 acecpit
1295 4339 1326 4384 44
1345 4335 1395 4386 lul.
1411 4334 1485 4396 4874)
1508 4340 1553 4386 444

275 4423 314 4471 444
331 4422 449 4472 44444444
467 4423 493 4471 tu
508 4423 619 4486 ptepart
636 4422 703 4472 44444
721 4423 745 4474 44
762 4424 791 4473 444
809 4423 845 4472 du
861 4425 926 4486 petit
943 4435 1020 4473 caure
1038 4421 1114 4474 d'eoa
1132 4425 1185 4486 pei,
1205 4426 1307 4472 certent
1325 4422 1357 4472 de
1375 4422 1402 4471 lc
1418 4421 1502 4472 444444
1519 4422 1550 4471 de

276 4505 423 4557 0444444444
444 4507 537 4572 [immo
560 4505 735 4573 0444444444),
765 4522 793 4560 ee
810 4512 877 4572 jetta
899 4509 965 4559 4444
984 4509 1007 4560 le
1029 4508 1123 4558 leonto
1140 4521 1201 4558 sous
1224 4509 1247 4558 44
1269 4521 1344 4557 mere
1361 4506 1472 4558 d'Aecoli
1490 4519 1552 4556 4444-

273 4605 378 4644 444444
396 4591 488 4644 lasci
511 4593 598 4656 44874)
618 4607 644 4660 p.
658 4597 699 4644 44.

276 4764 298 4820 4)
326 4764 401 4815 Sicut
425 4765 452 4814 iu
478 4765 606 4832 Corporis
623 4766 677 4817 vol.
692 4767 729 4816 lX
746 4781 773 4833 p.
788 4763 921 4832 ³8*sqq.,
947 4768 984 4817 ita
1008 4767 1054 4817 hic
1077 4779 1187 4830 quoque
1213 4762 1257 4829 (cl.
1278 4777 1347 4829 quaa
1371 4764 1428 4815 dini
1452 4777 1477 4829 p.
1491 4763 1551 4826 444)

205 4849 344 4913 glandium
363 4849 635 4903 Vincenzinianerum
660 4852 804 4904 elenchum
830 4866 884 4904 nou
908 4853 1053 4917 adscriptis
1076 4863 1170 4902 earum
1190 4850 1411 4915 inscriptionibus
1429 4848 1551 4911 exhibui,

205 4935 253 4987 sed
281 4935 438 5000 significatis
464 4949 513 5002 per
539 4939 728 4990 remissionem
756 4939 791 4989 ad
816 4938 934 4990 indicem
961 4939 1009 5004 qui
1035 4938 1159 5000 sequitur
1185 4949 1234 5002 per
1260 4936 1363 4987 litteras
1391 4949 1554 4988 numerosve

204 5022 370 5087 imaginesve
388 5021 533 5087 digestum.
571 5023 675 5075 Eadem
693 5025 770 5089 glans
788 5023 835 5076 uhi
854 5024 923 5076 dues
941 5024 1066 5090 pluresue
1084 5023 1275 5088 inscriptiones
1293 5022 1384 5085 hehet,
1405 5024 1462 5074 slve
1480 5021 1553 5087 quod

117 5157 120 5162 .
205 5107 283 5172 plure
302 5107 386 5159 letare
405 5110 535 5175 iuscripta
553 5112 626 5173 aunt,
648 5111 706 5164 siue
719 5111 757 5175 (id
770 5111 843 5176 quod
862 5110 1000 5162 interdum
1018 5109 1115 5172 444444)
1130 5124 1147 5160 e
1165 5109 1273 5160 leiserio
1290 5109 1363 5160 idem
1381 5109 1453 5161 latus
1465 5107 1555 5160 denuo

205 5205 303 5244 444444
328 5197 383 5256 444,
409 5195 443 5247 ad
468 5195 562 5261 plures
586 5197 684 5248 iudicis
708 5195 783 5248 locos
807 5198 908 5248 remitti
934 5199 1149 5248 consentaneum
1173 5199 1227 5261 est;
1255 5195 1391 5263 exemplu,
1419 5208 1490 5262 quae
1511 5196 1555 5246 in·

206 5279 370 5343 scriptiones
387 5280 497 5334 aliunde
516 5284 582 5336 44444
600 5286 679 5336 notus
697 5285 788 5335 minus
807 5282 887 5348 plene
904 5282 1048 5344 exhibent,
1071 5282 1099 5332 iu
1117 5283 1171 5334 hoc
1189 5282 1303 5335 elencho
1319 5282 1481 5348 plerumque
1499 5293 1555 5331 uon

208 5365 404 5418 discernuntur
421 5381 436 5418 a
455 5369 564 5421 ceteris.
