3702 5962
384 554 430 625 ¹2
862 567 1021 619 01114040
1042 565 1246 617 4004411440

381 766 536 836 vestigium
555 757 589 838 (e)
611 764 774 819 servavisse
790 763 876 818 etiam
891 761 966 818 Flori
982 760 1113 819 codicem
1129 763 1274 835 optimum
1289 760 1543 833 bambergensem.
1583 763 1606 817 L
1623 762 1731 819 omissa

382 874 426 925 004
447 883 514 924 oum
535 881 712 939 praenomen
735 880 799 921 esse
820 871 980 936 putaretur.
999 893 1043 904 —
1059 864 1202 921 Falsarius
1217 864 1336 936 quidem
1351 861 1514 921 Asculanos
1532 865 1625 922 iorma
1640 866 1731 937 vulgo

379 977 498 1041 recepta
522 985 593 1027 usus
615 971 644 1025 in
668 965 867 1039 compluribus
889 966 1043 1050 glandibus
1065 967 1175 1023 incudit
1196 967 1269 1024 haec
1292 971 1355 1024 sive
1374 967 1461 1038 plene
1483 970 1545 1024 sive
1568 984 1604 1024 ex
1626 976 1725 1040 parte:

382 1074 412 1128 P.
428 1075 531 1147 Afrae.
555 1065 601 1147 (40
625 1071 733 1142 quibus
750 1069 814 1126 vide
837 1069 874 1126 ad
890 1069 1014 1141 spurias,
1041 1085 1087 1126 041.
1106 1087 1151 1141 gr.
1169 1085 1199 1126 n.
1221 1067 1287 1140 w,
1309 1064 1357 1146 10).
1375 1071 1563 1128 —Eundem
1579 1070 1731 1128 Afranium

385 1171 460 1248 (eam
485 1178 562 1232 enim
585 1175 706 1232 iormam
736 1189 835 1230 veram
861 1167 983 1249 putavit)
1011 1171 1047 1229 ab
1071 1171 1174 1231 Oresio
1199 1177 1228 1241 5,
1251 1178 1287 1230 48
1312 1165 1330 1250 §
1353 1179 1389 1231 48
1420 1176 1575 1232 memorari
1605 1176 1731 1233 coniecit

378 1281 518 1352 Bergkius
540 1278 617 1335 Scll.
636 1295 666 1349 p.
687 1281 737 1348 74,
763 1277 913 1349 vulgatam
935 1277 1088 1333 lectionem
1111 1294 1174 1332 011144
1191 1277 1302 1334 Franco
1325 1279 1354 1333 in
1364 1259 1440 1334 'eom
1454 1278 1575 1352 Afranio
1598 1285 1725 1334 mutans.

380 1383 432 1440 804
454 1383 583 1454 opinioni
605 1382 700 1437 404000
723 1378 841 1451 14044010
864 1376 975 1448 04404114,
1002 1379 1081 1450 14004
1103 1379 1215 1436 4440000
1237 1381 1350 1451 potius,
1376 1385 1409 1435 ut
1434 1395 1529 1452 nuper
1551 1395 1603 1452 ego
1626 1380 1726 1448 docui,

381 1485 522 1543 exhibent
544 1484 671 1549 codices,
698 1481 750 1539 sed
773 1483 890 1540 omnino
913 1482 1075 1539 excluditur
1097 1497 1143 1550 eo,
1163 1481 1242 1554 quod
1258 1483 1393 1540 ltalorum
1415 1481 1474 1540 dux
1496 1483 1544 1539 ille
1567 1485 1625 1540 iam
1647 1499 1732 1542 mor-

380 1597 448 1646 tuus
472 1594 545 1644 erat.
591 1585 730 1656 Bergkius
752 1586 828 1642 enim
852 1584 995 1657 proelium
1010 1585 1176 1641 Firmanum
1195 1577 1279 1661 (App.
1299 1587 1311 1642 l
1336 1589 1391 1654 47;
1419 1585 1504 1642 Oros.
1523 1577 1540 1661 ᾗ
1560 1590 1597 1643 47
1613 1607 1656 1634 --·
1672 1587 1731 1642 Ρο-

380 1692 478 1749 4400444
504 1693 542 1747 74
567 1681 657 1764 4044.),
685 1690 730 1746 004
753 1690 896 1746 successit
917 1686 1030 1746 obsidio
1046 1685 1198 1759 40004404,
1225 1688 1355 1746 00040444
1377 1705 1443 1746 0004
1466 1705 1562 1762 pugna
1584 1687 1730 1746 Asculano

385 1789 444 1868 (01.
465 1787 482 1871 §
502 1797 538 1851 48
563 1814 606 1839 =
627 1792 692 1848 Per.
713 1793 751 1848 74
775 1785 881 1867 med),
914 1797 980 1862 post
1002 1807 1091 1863 quam
1114 1790 1219 1848 Strabo
1241 1793 1334 1848 440404
1355 1791 1496 1863 oppidum
1520 1795 1607 1865 cepit.
1654 1793 1731 1848 Nam

380 1897 428 1952 illa
451 1897 548 1968 priore
564 1895 727 1950 Lairenium
750 1893 892 1950 cecidisse
909 1893 1017 1950 diserte
1036 1893 1153 1950 tradidit
1167 1893 1327 1966 Appianus,
1353 1910 1408 1951 nec
1430 1896 1527 1952 minus
1549 1902 1660 1952 certum
1684 1903 1732 1951 est

380 1998 516 2056 Orosium
538 1990 556 2074 §
575 1999 711 2065 48-44,
737 1995 788 2053 44444
804 1996 906 2053 Franci
920 2003 1045 2054 mortem
1067 2013 1125 2053 una
1141 2013 1208 2053 cum
1224 1997 1342 2068 proeliis
1360 2013 1420 2054 uno
1435 1999 1595 2056 Marsorum
1617 1997 1731 2055 altero-

379 2119 438 2174 que
462 2089 574 2158 ‘eadem
598 2085 655 2156 die'
676 2100 830 2157 commisso
852 2101 1013 2156 Picentium
1039 2104 1068 2155 et
1091 2099 1180 2156 nobili
1202 2099 1332 2157 Vidaoilii
1354 2099 1436 2157 obitu
1456 2107 1608 2172 memorat,
1635 2107 1732 2176 signi-

379 2207 467 2263 ficare
490 2205 577 2261 linem
600 2202 770 2272 Asculanae,
796 2218 854 2260 non
876 2202 1025 2259 Firmanae
1049 2201 1223 2260 obsidionis.
1263 2204 1396 2275 Denique
1417 2203 1496 2275 14004
1519 2206 1615 2262 minus
1636 2223 1733 2265 accu-

379 2314 441 2365 rate
469 2308 579 2365 Marsos
609 2305 715 2361 dixisse
746 2303 881 2362 Orosium
913 2307 1006 2376 arguit
1035 2305 1190 2376 8044444400,
1228 2307 1291 2361 0400
1325 2307 1368 2361 404
1401 2313 1603 2376 argumentum
1632 2311 1731 2367 attulit

379 2411 510 2472 nullum:
547 2411 708 2465 Marsorum
736 2413 832 2464 autem
861 2409 1038 2464 mentionem
1066 2422 1124 2466 non
1147 2406 1250 2464 040040
1273 2407 1374 2464 deberi
1403 2409 1456 2464 sed
1479 2409 1559 2467 Livio
1579 2410 1725 2484 breviato,

380 2529 468 2584 quem
498 2511 546 2568 ille
577 2510 761 2580 compilavit,
794 2510 933 2568 Periocha
960 2504 999 2586 (p.
1020 2513 1071 2578 75,
1093 2515 1110 2568 8
1134 2503 1217 2587 Jahn)
1245 2527 1279 2567 041
1303 2511 1405 2568 044040
1435 2514 1560 2584 epitoma
1590 2523 1730 2587 excerpta

385 2611 434 2692 (cl.
465 2615 559 2671 Praei.
593 2613 629 2668 ad
661 2611 795 2669 Orosium
828 2628 858 2684 p.
888 2613 967 2669 XXV
1001 2619 1029 2669 et
1061 2613 1228 2687 Festschrift
1259 2632 1312 2670 zor
1344 2614 1457 2670 liorlsr.
1487 2616 1727 2688 Pbilolopenucra.

383 2723 462 2776 4884
487 2734 517 2790 p.
538 2721 576 2774 88
593 2710 671 2793 01414.)
700 2715 795 2772 40004.

379 2915 426 2982 30
444 2918 599 3000 [380444.
618 2922 659 2978 lll
681 2939 712 2978 14.
733 2927 826 2990 6886,
847 2914 878 2996 u]
916 2927 925 2977 4
955 2937 1019 2994 4044.
1043 2922 1071 2978 414
1095 2921 1256 2979 8404044400
1288 2915 1325 2997 [a.
1348 2926 1427 3003 4874
1456 2931 1551 2995 0014444
1578 2943 1595 2981 4
1626 2943 1729 2986 100000

466 3025 619 3098 Asculano,
645 3024 695 3082 0444
720 3032 813 3080 exstat
833 3041 862 3080 n.
887 3020 995 3098 4748];
1023 3025 1130 3095 pendet
1154 3030 1192 3083 55
1215 3041 1260 3097 gr.

426 3132 442 3186 2
469 3123 509 3204 [in
531 3143 632 3186 museo
655 3127 799 3185 Asculano
823 3143 853 3182 44.
876 3132 967 3196 4848,
994 3133 1090 3199 empta
1114 3145 1140 3184 a.
1163 3122 1273 3203 4874];
1301 3128 1390 3199 pend.
1419 3131 1456 3186 48
1480 3145 1525 3200 44.

780 3313 856 3355 141144
894 3292 907 3374 1
944 3300 973 3354 in
999 3303 1032 3354 l:
1084 3307 1324 3360 4114041410111414

382 3493 392 3544 4
422 3487 492 3544 Τ444.
513 3488 525 3542 l
544 3492 592 3547 44.
639 3489 796 3558 Descripsi.
838 3487 960 3542 litterae
979 3486 1091 3542 4414044
1105 3486 1225 3543 40401404
1240 3487 1370 3543 nonnihil
1385 3503 1501 3544 sursum
1517 3488 1652 3546 inclinata
1670 3499 1724 3548 est.

380 3589 493 3650 4444).
512 3590 524 3645 4
544 3594 593 3647 45.
639 3592 804 3662 Descripsi:
838 3575 943 3660 44111411.
984 3589 1089 3645 Flnalis
1113 3603 1120 3644 1
1143 3589 1272 3659 paullum
1288 3589 1407 3648 distorta
1430 3597 1458 3648 et
1474 3591 1604 3648 40144000
1619 3595 1729 3650 404044

422 3699 450 3750 04
474 3707 481 3748 4
504 3694 611 3750 4404004
634 3699 678 3749 004
699 3691 802 3765 glande
825 3692 920 3749 inlisa.
960 3693 993 3748 ln
1015 3698 1096 3764 parte
1119 3708 1220 3748 aversa
1238 3695 1390 3763 vestigium
1410 3699 1487 3750 04444
1507 3694 1729 3753 401440000400-

421 3796 488 3852 dem
512 3797 620 3866 figurae
643 3801 730 3866 atque
753 3798 828 3852 int.

377 3990 423 4057 344
442 3995 597 4074 [=Corp.
615 4000 657 4056 lX
679 4017 709 4056 n.
730 4005 823 4070 6886,
843 3996 884 4074 iu]
926 4005 935 4055 4
965 4017 1027 4073 4044.
1055 4001 1085 4056 40
1107 4000 1267 4058 8404044400
1293 3994 1382 4076 [nuno
1404 4005 1434 4058 in
1457 4018 1557 4059 museo
1580 4001 1726 4062 Asculano

464 4119 494 4158 n.
517 4107 608 4172 4447,
641 4110 736 4174 empta
759 4119 787 4159 a.
810 4096 915 4178 istil.
964 4103 1071 4159 Pendet
1101 4107 1139 4160 58
1164 4120 1221 4175 gr.;
1253 4102 1417 4176 robiginem
1442 4105 1532 4162 habet
1557 4105 1722 4164 subalbam.

422 4210 438 4260 4
463 4221 527 4276 rep.
553 4207 582 4261 in
605 4205 766 4262 castellano
797 4199 885 4280 [nunc
909 4207 937 4261 in
959 4221 1061 4263 museo
1084 4189 1226 4264 Asculano
1255 4223 1284 4262 n.
1314 4211 1406 4276 4688,
1433 4215 1528 4279 empta
1557 4225 1584 4264 a.
1615 4203 1722 4284 ⁴⁸73]-

462 4306 572 4364 Pendet
596 4309 634 4365 57
659 4323 703 4379 gr.
751 4306 890 4379 llobigine
914 4306 980 4364 alba
1002 4305 1116 4365 obtecta
1139 4315 1183 4365 est
1204 4315 1275 4366 4044.

422 4415 438 4467 3
463 4427 526 4482 4044.
552 4413 582 4465 40
604 4409 763 4467 8404014400
788 4406 879 4485 [0000
902 4412 933 4467 40
955 4425 1055 4467 museo
1078 4409 1223 4469 Asculano
1246 4429 1276 4468 n.
1299 4405 1405 4488 llaol.
1446 4413 1536 4470 Pend.
1557 4417 1594 4470 55
1612 4428 1656 4484 gr.

904 4596 981 4637 141144
1026 4588 1075 4638 404
1119 4596 1185 4638 14144

379 4775 389 4826 4
418 4769 490 4826 Τ444.
508 4772 520 4825 l
539 4774 588 4828 48.
636 4771 799 4843 Descripsi:
840 4783 914 4825 14141
931 4770 984 4827 0444
1005 4785 1082 4841 pone
1099 4786 1113 4827 1
1129 4771 1284 4842 vestigium
1306 4772 1417 4828 litterae
1433 4786 1441 4825 1
1457 4774 1600 4829 incertum
1617 4777 1721 4829 0110444.

377 4870 488 4930 44444.
507 4872 520 4927 1
539 4877 589 4929 44.
635 4873 800 4944 Descripsi:
842 4887 932 4934 nau.
979 4874 1057 4930 llaec
1086 4872 1188 4929 eadem
1218 4875 1309 4930 404104
1338 4889 1476 4945 expressa
1506 4881 1719 4948 0044414004,

418 4974 472 5030 004
502 4975 564 5030 sive
596 4976 624 5030 40
654 4975 801 5032 40044040
826 4974 949 5048 plumbo
974 4977 1037 5031 sive
1060 4981 1159 5048 postea
1190 4975 1294 5048 4444040
1317 4976 1400 5034 404404
1424 4979 1531 5035 lact-nm
1560 4985 1620 5049 est,
1654 4985 1725 5034 044

418 5075 559 5131 40040004
580 5075 757 5134 flecteretur.

377 5182 393 5234 3
418 5179 579 5248 Descripsi:
622 5193 662 5235 144
683 5193 700 5235 0
723 5181 743 5235 i.
763 5197 790 5236 e.
817 5195 893 5236 44144
921 5187 971 5236 404
990 5160 1070 5238 44114.
1117 5181 1261 5240 Posterior
1284 5199 1351 5254 pars
1378 5182 1528 5241 inlidendo
1557 5181 1636 5240 laesa
1666 5188 1719 5248 004,

418 5287 450 5338 04
471 5280 572 5338 hastae
594 5285 698 5353 partim
722 5284 862 5354 perierint
882 5285 987 5355 partim
1010 5285 1039 5339 in
1061 5283 1134 5340 tales
1157 5299 1172 5340 0
1194 5284 1315 5342 44000440
1337 5285 1472 5343 abierint.
