3702 5962
579 577 622 626 ET
640 575 814 636 tinnovero
833 574 991 626 mouban.
1412 561 1454 632 11

123 763 206 848 dl:
221 773 308 844 Gorp.
328 772 368 828 tx
391 787 420 826 6.
441 774 534 839 6066,
554 762 574 847 ι]
616 786 681 841 rep.
705 786 734 826 a.
756 773 834 826 1666
866 768 945 840 apud
966 769 1064 826 vicum
1088 768 1236 842 Corropcti
1263 769 1293 825 in
1321 771 1461 839 contrado

158 877 302 944 Peticcro,
335 872 598 932 660066006060116
626 886 730 929 versus
757 873 811 928 0610
844 864 1018 947 [eodemque
1045 883 1121 927 auno
1144 875 1240 943 empta
1262 888 1279 927 a
1302 872 1460 930 Gabriellio

159 981 285 1036 venitin
307 991 442 1036 museum
463 974 638 1034 medanum
661 990 691 1030 n.
711 967 820 1049 6606).
845 1002 889 1013 -
917 971 1056 1043 liobigina
1085 973 1159 1046 gilva
1189 971 1305 1032 obtecta
1333 983 1394 1040 est,
1428 981 1460 1032 ut

159 1081 217 1138 iere
238 1087 306 1138 suot
327 1079 448 1153 glandes
469 1095 528 1138 606
550 1079 581 1135 66
602 1092 677 1149 aque
700 1077 752 1134 sad
776 1079 905 1133 interra
928 1081 1071 1147 repertae.
1119 1075 1228 1132 Pendet
1252 1080 1290 1133 66
1314 1093 1358 1150 gr.

125 2587 257 2647 labili.
307 2590 454 2662 Descripsi
481 2584 522 2665 (ut
544 2583 641 2666 supra)
669 2591 880 2662 diligenterque
903 2607 969 2647 cum
992 2589 1149 2650 Gabriellio
1172 2593 1344 2650 examinavi.

199 2709 277 2768 6660.
302 2738 346 2748 -
371 2711 401 2764 6.
426 2699 606 2787 aaronica)
624 2702 778 2787 6666006).

198 2827 221 2884 Α
251 2830 388 2887 610660660
424 2831 615 2902 scriptoribus
643 2830 740 2887 6101606·
768 2836 910 2887 vocantur
943 2823 1024 2906 (Veli.
1052 2835 1085 2899 6,
1115 2835 1152 2888 16
1177 2835 1283 2902 0161,
1321 2830 1458 2903 periocha

125 2930 176 2986 liv.
193 2937 242 2989 61.
269 2937 320 2991 66.
349 2937 405 3001 66;
438 2931 546 2990 60006.
571 2935 601 2989 66
623 2933 738 2990 Gornal.
764 2950 795 3006 p.
823 2937 861 2990 66
886 2927 965 3009 On),
998 2950 1065 2992 cum
1088 2935 1193 2992 Graeci
1219 2933 1307 2993 modo
1327 2923 1458 3000 'lralodc

129 3032 243 3100 (060606.
270 3036 415 3092 060601.
441 3052 471 3107 p.
495 3038 570 3104 116,
605 3051 669 3092 erc.
695 3036 776 3093 Phot.
802 3039 932 3107 0.610;
966 3036 1129 3109 Appiani
1159 3043 1196 3096 66
1221 3032 1338 3116 0160),
1372 3039 1458 3096 modo

124 3120 281 3204 Ἰταλιώτας
302 3131 430 3214 (Diodor.
450 3137 512 3195 Vat.
530 3155 560 3210 p.
584 3143 730 3198 160.161
760 3144 789 3196 01
810 3139 892 3196 Phot.
918 3156 948 3212 p.
971 3143 1030 3198 666
1057 3144 1134 3210 660;
1161 3139 1265 3198 Strabo
1289 3145 1306 3198 6
1330 3155 1361 3211 p.
1381 3144 1455 3205 666ς

124 3239 188 3311 lpp.
208 3243 220 3296 6
244 3245 295 3298 66.
324 3237 372 3316 10)
399 3241 556 3313 appellent.
603 3242 668 3299 Non
692 3243 780 3314 magis
802 3242 924 3300 tortasse
947 3243 1105 3312 scriptores
1131 3245 1161 3298 in
1183 3243 1300 3300 Corfinii
1321 3244 1458 3300 italorum

124 3345 212 3412 capitis
233 3345 351 3401 nomine
374 3345 504 3416 ipsorum
525 3360 611 3400 usum
632 3351 833 3414 servaverunt,
860 3359 927 3401 nam
948 3360 1003 3417 pro
1018 3345 1107 3401 610660
1129 3339 1212 3421 (Osce
1231 3337 1358 3422 6110660),
1378 3346 1458 3418 quod

125 3450 222 3502 nummi
251 3452 412 3516 testantur,
444 3445 482 3502 illi
513 3447 714 3517 praetulerunt
740 3448 845 3504 ltoiico
879 3439 993 3521 (Strabo
1016 3452 1033 3504 6
1058 3461 1087 3517 p.
1109 3451 1164 3505 661
1194 3443 1455 3524 016061.6,16).

124 3546 181 3616 Sed,
199 3549 295 3620 quode
309 3547 506 3605 Mommsenus
528 3549 648 3618 monuit,
676 3549 738 3606 fieri
758 3555 854 3622 potest
872 3556 905 3605 ut
919 3549 1009 3606 Italic
1028 3551 1065 3606 061
1087 3549 1152 3619 dea,
1177 3551 1320 3622 appellate
1336 3556 1455 3619 eterra,

126 3650 216 3707 ltoticc
238 3667 347 3708 nomen
368 3650 462 3708 urbis.

197 3755 257 3812 61066
290 3753 454 3810 secundum
486 3753 645 3810 Diodorum
680 3746 753 3828 (exc.
779 3754 862 3812 Phot.
887 3771 917 3827 p.
942 3759 1018 3824 5393
1057 3757 1095 3812 01.
1125 3755 1229 3813 Strabo
1254 3760 1270 3813 6
1295 3773 1325 3828 p.
1346 3759 1401 3813 616
1423 3751 1452 3830 G]

123 3846 333 3934 ἐνομοθέτησαν
349 3843 404 3913 oio
420 3846 472 3933 μὲν
495 3842 625 3921 ὑπάτους
639 3844 701 3913 κατ’
722 3843 857 3914 ἐνιαυτὸν
881 3849 1046 3936 αἱρεῖσθαι,
1073 3845 1193 3915 δώδεκα
1214 3848 1247 3915 δὲ
1263 3845 1455 3936 στρατηγούς,

124 3961 180 4015 60.
202 3967 368 4032 praetores;
406 3959 504 4029 itaque
527 3959 631 4015 llerius
654 3957 770 4016 Asinius
797 3968 917 4032 praetor
944 3962 1175 4018 Marrucinorum
1204 3963 1233 4017 in
1255 3961 1395 4018 Periocha
1419 3965 1457 4019 66
1496 3940 1497 3944 ¹

123 4063 271 4120 016011600
297 4055 402 4138 (Scato)
426 4069 547 4136 praetor
567 4063 728 4119 Marsorum
750 4079 767 4118 a
789 4061 899 4118 Seneca
920 4062 990 4120 ben.
1011 4069 1039 4134 6,
1061 4070 1112 4133 66,
1134 4069 1151 4121 5
1175 4063 1282 4121 diserte
1304 4071 1457 4123 vocantur.

122 4163 203 4222 Ceteri
232 4167 391 4236 scriptores
419 4165 548 4237 generali
569 4163 713 4222 vocabum
738 4164 829 4223 duces
852 4166 968 4235 dicunt,
1002 4183 1049 4223 en.
1067 4182 1111 4239 gr.
1131 4167 1231 4225 Cicero
1254 4167 1326 4224 Phil.
1350 4171 1399 4236 16,
1422 4172 1453 4224 61

123 4257 186 4341 §tl
210 4275 239 4326 et
260 4270 388 4325 Velleius
412 4273 440 4337 6,
464 4273 513 4325 16.

197 4373 314 4429 Praetor
336 4345 565 4439 ilie‘sociorum,
593 4351 643 4442 qui
665 4371 716 4428 Gn.
744 4372 913 4441 Pompeium
935 4370 1109 4428 Strabonem
1131 4373 1219 4429 Firmi
1242 4369 1366 4439 obsedit,
1393 4387 1460 4429 mox

122 4481 208 4532 nutem
229 4475 267 4533 ab
284 4491 319 4533 00
339 4481 369 4531 01
383 4474 512 4547 Sulpicio
534 4489 628 4546 prope
650 4473 706 4530 hoc
729 4474 868 4546 oppidum
887 4478 982 4531 victus
1005 4480 1050 4530 est
1071 4491 1263 4547 pugnansque
1287 4473 1403 4542 cecidit,
1430 4475 1460 4528 in

120 4575 232 4648 lppiani
254 4577 406 4636 codicibus
426 4583 550 4635 testante
569 4577 640 4634 mihi
659 4577 894 4635 Mendeissohnio
911 4579 1006 4648 capite
1024 4580 1061 4635 60
1078 4577 1197 4648 quidem
1221 4575 1357 4633 omnibns
1373 4565 1460 4639 Τίτος

117 4663 265 4758 Ἀφράνιος
288 4679 437 4749 scribitur,
456 4685 557 4736 contra
579 4696 606 4736 c.
629 4683 667 4737 66
690 4681 754 4736 0600
776 4680 835 4736 ulla
850 4678 1044 4750 discrepantia
1060 4670 1094 4736 T.
1110 4665 1294 4758 Λαφρήνιος,
1315 4677 1460 4734 Candidus

122 4789 224 4854 001066,
250 4785 301 4857 qui
324 4801 352 4840 0.
373 4786 411 4840 66
435 4784 572 4858 Afranius
597 4782 730 4852 exhibet,
754 4798 814 4840 non
836 4783 968 4841 codicem
991 4799 1076 4840 suum
1100 4797 1165 4839 esse
1188 4787 1307 4838 secutus
1330 4781 1456 4846 videtur,

123 4883 167 4938 sed
188 4885 223 4942 ad
245 4889 375 4959 priorem
396 4885 492 4943 locum
519 4900 573 4942 suo
596 4885 686 4940 660610
715 4887 888 4942 correxisse.
935 4884 1020 4957 Apud
1044 4885 1160 4942 Piorum
1184 4889 1212 4952 6,
1241 4888 1257 4940 6
1283 4885 1410 4957 africaec
1431 4884 1460 4939 66

122 4983 316 5061 Bambergansi
339 4986 473 5055 6660106,
501 4987 634 5061 afranius
655 4989 685 5043 66
699 4987 869 5045 Nazariano.
907 4989 966 5044 larn
988 4987 1043 5042 hac
1065 4987 1177 5056 glandis
1198 4987 1387 5058 inscriptione
1414 4979 1460 5062 (de

125 5090 197 5144 cuius
216 5093 382 5148 sinceritate
410 5105 468 5149 non
491 5089 576 5147 video
597 5106 655 5161 quo
679 5093 742 5146 iure
766 5092 921 5161 quisquam
950 5092 1062 5161 peritus
1084 5089 1217 5147 dubitare
1240 5083 1341 5166 possit)
1369 5088 1461 5146 doce-

124 5202 181 5246 mur
200 5196 296 5264 priore
318 5193 441 5265 Appiani
464 5193 547 5262 loco,
580 5199 612 5249 ut
634 5209 698 5250 mos
721 5198 765 5248 est
787 5191 912 5250 librariis
939 5191 992 5248 ubi
1018 5194 1147 5262 primum
1169 5195 1262 5249 rarius
1285 5191 1460 5251 vocabulum

125 5299 254 5366 00006661,
289 5303 460 5368 corruptum
490 5311 572 5364 esse,
604 5310 708 5352 rerum
736 5300 834 5352 autem
860 5309 968 5351 nomen
995 5294 1086 5353 106000
1111 5297 1142 5352 P.
1166 5297 1320 5369 defractus
1341 5311 1376 5351 ac
1398 5295 1460 5349 reri
