3776 5966
567 633 727 684 enrnnns
745 633 892 685 omanus
910 633 1088 685 nronnran.
1454 619 1502 693 83

158 848 219 887 una
240 832 367 904 gbicnda
389 832 587 904 doppiomaata
608 831 749 898 trascritto,
775 831 807 886 da·
828 847 914 903 apoca
937 830 1039 899 latina,
1062 831 1218 904 posaednto
1232 831 1284 887 dcl
1297 833 1349 902 sig.
1367 831 1505 904 Glaeeppa

159 934 300 1000 6166666666,
327 935 399 990 ende
420 937 449 990 r'o
471 934 561 989 dame
578 949 694 1006 parare.

246 1037 378 1092 Minicius
399 1034 478 1091 addit
499 1035 587 1092 hacc:
621 1035 652 1090 di
674 1035 753 1091 66666·
777 1035 895 1109 difficile
917 1035 1041 1104 6666666,
1069 1032 1105 1109 sd
1126 1037 1247 1092 6666666
1270 1035 1332 1092 alta
1352 1052 1406 1091 suc
1427 1035 1503 1091 inte-

159 1136 237 1212 9666
262 1134 352 1195 merci
380 1138 541 1211 l’indcfesso
567 1139 662 1194 studio
685 1137 732 1194 del
758 1140 811 1210 sig.
835 1137 979 1194 Boacbint.
1033 1139 1133 1208 ltaque
1161 1137 1339 1206 cavendum,
1373 1153 1410 1193 ne
1436 1138 1503 1194 bulo

159 1243 275 1300 lectioni
305 1244 391 1298 nimis
418 1240 607 1299 confidamus.
655 1241 746 1298 lmrno
773 1257 808 1297 ex
830 1239 975 1296 Perusinis
1001 1256 1089 1311 supra
1115 1241 1208 1296 allatis
1230 1243 1324 1298 conici
1345 1242 1412 1298 licet
1434 1246 1500 1298 v.2

161 1360 196 1401 aa
223 1345 297 1402 male
324 1345 434 1401 lectum
463 1358 527 1399 esse
557 1357 611 1415 pro
640 1357 686 1397 rr
714 1342 762 1397 vel
791 1356 887 1398 rra-rra
913 1348 962 1398 aut
989 1357 1114 1399 anun.
1172 1342 1204 1398 ln
1234 1359 1335 1398 aversa
1365 1351 1448 1413 parte
1478 1343 1503 1399 si

160 1463 263 1504 revera
285 1462 307 1502 x
325 1437 330 1526 )
351 1460 450 1502 urcem
473 1447 615 1516 scriptum
635 1445 705 1512 suit,
732 1445 979 1516 interpretandum
1002 1447 1057 1500 erit
1080 1461 1146 1502 curu
1169 1446 1358 1515 Mommseno,
1383 1461 1404 1502 x
1426 1447 1506 1502 milia

159 1550 307 1623 glandium
328 1567 346 1605 a
368 1548 513 1621 primipilo
538 1547 661 1618 legionis
682 1547 872 1605 duodecimae
902 1548 933 1602 L.
958 1548 1071 1605 Maenio
1093 1549 1155 1605 lusa
1178 1564 1254 1605 esse.
1300 1546 1346 1604 An
1368 1555 1505 1620 corrupta

160 1661 204 1711 est
228 1670 263 1710 ex
287 1645 349 1728 [66,]
371 1643 554 1727 ura-n·[xu]t
584 1650 622 1707 66.
642 1667 671 1706 6.
693 1651 730 1706 76
756 1657 798 1717 66,
829 1653 858 1706 in
880 1651 963 1706 euius
985 1653 1095 1722 postica
1116 1657 1198 1722 parte
1220 1653 1333 1708 aulicae
1356 1651 1504 1722 inscriptio

160 1757 283 1829 repetita
306 1771 371 1812 esse
393 1753 536 1821 videatur,
563 1770 593 1808 n.
614 1759 665 1810 86.

248 1857 423 1914 Garruccius
446 1857 523 1912 Bell.
549 1855 615 1912 dell'
634 1856 707 1912 6666.
737 1859 815 1912 6866
841 1871 869 1926 p.
891 1860 929 1914 29
954 1860 983 1911 et
1004 1855 1074 1928 Syll.
1093 1873 1123 1912 n.
1146 1860 1225 1914 6666
1256 1856 1346 1913 edidit
1369 1856 1504 1928 glandem

161 1963 269 2018 Romae
291 1959 369 2032 apud
391 1961 600 2031 negotiatorem
622 1957 817 2030 antiquarium
838 1975 855 2013 a
877 1973 910 2014 se
932 1964 1068 2029 emptam,
1095 1959 1270 2031 pendentem
1294 1962 1369 2027 36,7
1392 1975 1448 2030 gr.,
1475 1961 1506 2016 in

159 2081 218 2136 qua
240 2063 327 2136 legit:

599 2175 786 2220 r·rnvrvs
969 2153 1038 2242 jsxl)

600 2279 639 2320 ra
657 2280 784 2321 Ι666
855 2208 876 2290 M
941 2279 1063 2323 6666666

160 2388 284 2458 Vestigia
313 2392 409 2443 tamen
434 2387 461 2440 in
484 2401 603 2442 aversae
625 2390 687 2441 v.l
716 2392 783 2442 ante
805 2401 826 2441 x
849 2391 973 2459 postque
996 2402 1017 2443 x
1040 2393 1069 2443 66
1089 2391 1156 2446 661
1186 2387 1324 2458 reliquias
1352 2387 1464 2444 litterae
1487 2403 1507 2442 n

162 2505 221 2547 non
243 2489 350 2546 indicat
372 2490 401 2543 in
418 2487 490 2560 Syll.
536 2487 616 2544 idem
638 2503 703 2544 esse
726 2489 890 2561 exemplum
913 2495 1001 2562 atque
1023 2489 1245 2547 Boscbinianum
1267 2495 1370 2561 putare
1392 2489 1507 2547 videtur

165 2587 205 2668 (v.
221 2585 326 2670 null),
353 2593 400 2648 cui
415 2598 512 2646 tamen
527 2589 633 2660 obstat,
652 2590 741 2663 quod,
761 2594 906 2663 cumipse
928 2605 1035 2649 nevrvs
1056 2593 1225 2648 nitidissimo
1242 2599 1354 2649 exstare
1370 2593 1504 2659 affirmet,

161 2697 293 2752 Minicius
316 2697 534 2768 inscriptionem
555 2694 635 2750 lectu
657 2693 854 2751 difficillimam
871 2710 936 2752 esse
951 2695 1061 2752 diserte
1083 2700 1204 2751 testatur
1219 2700 1249 2750 et
1268 2709 1389 2752 rasurus
1411 2697 1507 2767 potius

161 2798 291 2856 exhibet.
338 2799 471 2855 Ceterum
501 2798 604 2868 utique
631 2797 820 2853 examinanda
849 2799 904 2854 erit
931 2816 948 2854 a
976 2799 1090 2869 perito;
1120 2812 1199 2854 nuno
1227 2800 1374 2855 monuisse
1401 2797 1509 2856 suflicit

162 2901 346 2958 circumferri
371 2917 398 2956 a.
428 2905 508 2958 6866
533 2901 589 2954 iam
623 2905 741 2969 coeptas
769 2900 857 2956 ruisse
886 2903 1001 2971 spurias
1029 2899 1127 2956 Asculi
1148 2902 1278 2970 mensae,
1316 2901 1509 2958 Garruccium

161 3009 259 3060 autern
274 3004 365 3076 ipsius
383 3004 548 3060 testimonio
569 2995 683 3078 (orvilla
698 3009 768 3059 6666.
788 3002 814 3057 X
832 3006 849 3060 t
865 3018 896 3073 p.
914 3004 968 3058 766
991 2995 1049 3078 sq.)
1070 3019 1170 3059 aarum
1184 3019 1339 3060 numerum
1361 3003 1508 3074 quendam

161 3107 352 3178 acquisivisse
380 3105 565 3178 eundemque
593 3106 680 3161 etiam
710 3121 804 3177 nuper
826 3111 891 3176 post
919 3105 1062 3162 detectam
1092 3106 1170 3162 illam
1198 3106 1329 3162 fraudem
1351 3105 1509 3178 deceptum

162 3225 229 3265 6666
251 3209 357 3265 talibus
379 3209 560 3278 commentis,
588 3224 634 3264 ex.
653 3224 696 3279 gr.
716 3207 787 3280 Syll.
810 3213 889 3266 6681
919 3200 958 3282 (v.
978 3223 1030 3265 nos
1052 3207 1088 3262 ad
1111 3224 1142 3264 n.
1163 3202 1227 3283 86).

165 3373 228 3440 113
239 3375 292 3457 [=
304 3380 391 3452 Corp.
406 3381 417 3434 l
432 3397 463 3435 n.
479 3373 552 3455 tos]
588 3384 597 3434 6
624 3373 779 3454 [Bononiae
794 3381 825 3436 in
840 3395 941 3436 museo
956 3378 1152 3434 universitatis
1167 3391 1279 3446 mrnrc„
1306 3377 1407 3450 ibique
1421 3371 1507 3453 6666).

249 3483 359 3540 Pendet
376 3487 413 3540 85
430 3497 487 3552 gn,
507 3483 590 3552 longa
607 3487 650 3538 666
666 3487 753 3552 cot,
773 3498 869 3538 crassa
886 3485 981 3548 uota
1000 3487 1029 3538 et
1045 3485 1157 3549 6,666;
1182 3477 1314 3551 robigine
1329 3479 1404 3550 gilva
1419 3486 1506 3537 tecta.

209 3590 225 3644 2
254 3579 372 3660 [Romae
394 3587 424 3640 in
447 3599 547 3641 museo
562 3584 748 3642 Kircheriano
771 3598 884 3652 66666,
911 3583 1010 3655 ibique
1027 3583 1086 3638 vidi
1109 3598 1139 3638 6.
1159 3575 1243 3658 266).
1292 3582 1385 3654 Longa
1411 3586 1506 3650 6,618

255 3683 317 3762 (666
339 3689 393 3744 luit
415 3688 511 3760 paullo
534 3681 671 3760 longior),
698 3702 796 3744 crassa
820 3692 915 3756 0,022
941 3694 970 3743 et
991 3689 1099 3750 6661.
1147 3683 1288 3753 Quattuor
1310 3690 1353 3740 est
1375 3701 1508 3740 arearum

250 3805 420 3862 aequarum,
447 3797 478 3846 ut
499 3793 524 3846 si
546 3805 600 3860 per
621 3790 748 3846 mediam
770 3789 980 3862 longitudinem
1001 3803 1094 3858 seces,
1121 3788 1212 3859 figura
1229 3786 1371 3859 quadrata
1391 3787 1506 3844 evadat.

526 3958 575 4001 mx
594 3957 635 3998 ·s
679 3937 696 4019 )(
739 3953 798 4002 aru
811 3953 998 4004 6666666666
1026 3951 1129 3992 alnao

169 4103 179 4156 6
208 4100 365 4170 descripsi.
384 4097 612 4154 -DeMinicis
634 4105 656 4154 t.
675 4098 700 4154 ll
722 4103 772 4166 66,
798 4113 829 4169 p.
850 4102 910 4156 138
940 4091 1016 4174 (inde
1040 4095 1149 4153 llitscbl
1170 4103 1192 4153 t.
1210 4097 1250 4152 IX
1267 4100 1324 4166 57,
1350 4097 1510 4155 Mommsen

210 4206 282 4270 709,
310 4203 346 4258 ci.
365 4200 439 4257 666.
459 4217 489 4272 ρ.
510 4193 597 4274 666).

167 4311 183 4366 1
207 4305 279 4362 Τ61).
297 4304 345 4360 vll
364 4307 399 4358 66
418 4309 446 4358 66
465 4307 514 4360 69.
553 4303 715 4374 Descripsi:
753 4299 781 4357 -Γ
784 4315 880 4372 nrt-u,
907 4302 959 4358 sed
975 4306 1045 4370 puto
1061 4315 1126 4357 esse
1150 4315 1247 4376 uix-u,
1274 4307 1306 4358 ut
1320 4301 1421 4359 ultima
1444 4316 1452 4356 r
1475 4319 1511 4358 ex

208 4407 323 4463 lusione
337 4407 376 4461 ita
393 4411 527 4475 corrupta
548 4407 683 4462 evaserit.
709 4435 752 4446 —
775 4405 817 4461 De
832 4405 943 4462 Minicis
958 4409 980 4459 t.
999 4403 1023 4459 11
1041 4407 1092 4473 65,
1118 4419 1146 4475 p.
1164 4408 1224 4462 238
1248 4404 1324 4460 male
1346 4418 1449 4473 a·xnr;
1477 4420 1513 4460 66

209 4509 328 4566 Marchii
357 4507 490 4579 exemplo
519 4523 575 4564 non
607 4507 725 4564 meliore
757 4507 865 4564 llitschl
887 4514 908 4564 t.
928 4507 969 4564 IX
993 4511 1047 4564 68;
1087 4519 1175 4568 6666
1210 4499 1256 4581 (ex
1284 4507 1330 4562 his
1353 4508 1512 4565 Mommsen

210 4604 298 4688 Ι.1.);
332 4611 473 4682 Ruggiero
496 4627 525 4666 n.
547 4613 625 4669 225:
667 4623 771 4677 uxrrr,
803 4626 857 4680 per
878 4626 1008 4667 errorem
1031 4609 1151 4681 Corpori
1174 4609 1327 4666 lectionem
1351 4623 1436 4665 nxru
1459 4610 1513 4664 tri-

208 4714 312 4784 buens,
339 4729 414 4785 qnae
438 4717 482 4770 est
503 4713 620 4769 Marchli
644 4713 707 4769 sive
730 4714 847 4770 Minicii.

252 4835 284 4890 ln
299 4832 504 4890 Kircherianae
519 4834 613 4890 tribus
628 4835 703 4889 areis
718 4834 839 4905 reliquis
851 4849 917 4890 curn
933 4833 1025 4889 lineae
1038 4837 1151 4888 exstent
1165 4823 1204 4908 (v.
1219 4829 1278 4887 tab.
1294 4830 1342 4886 vu
1358 4824 1406 4907 61)
1427 4831 1509 4904 tales,

166 4937 267 5009 quales
288 4937 317 4990 in
346 4933 498 4993 Asculanis
525 4938 711 5008 reperiuntur
737 4929 778 5012 (v.
803 4953 833 4993 n.
854 4931 919 5012 66),
953 4935 1083 4991 eiusdem
1110 4935 1229 5005 originis
1256 4933 1331 4991 hanc
1355 4949 1420 4990 esse
1443 4952 1515 5007 pro-

165 5036 264 5096 babile
287 5045 340 5096 est.
365 5069 410 5080 —
431 5039 463 5094 ln
485 5039 675 5105 Bononiensi,
708 5055 784 5110 quae
814 5054 880 5095 cum
907 5037 962 5094 hac
989 5039 1134 5094 mensuris
1156 5038 1219 5092 tere
1241 5040 1392 5105 convenit,
1426 5054 1513 5110 supra

165 5155 249 5197 nixu
272 5141 342 5197 mihi
370 5143 449 5198 visus
474 5157 539 5198 sum
567 5156 725 5212 agnoscere
747 5141 875 5198 fulminis
897 5141 1038 5212 figuram,
1072 5139 1124 5196 sed
1148 5156 1181 5195 ea
1212 5143 1288 5196 inter
1308 5142 1419 5213 primas
1448 5142 1511 5210 tuit,

165 5260 239 5315 quas
269 5244 425 5316 descripsi,
464 5261 497 5302 ac
527 5250 681 5316 propterea
709 5259 776 5302 cum
806 5243 939 5313 exemplo
968 5258 1033 5298 meo
1065 5242 1269 5299 Kircherianae
1299 5243 1426 5300 conferri
1457 5258 1515 5300 non

164 5349 271 5419 potuit.
318 5348 433 5404 Priores
455 5348 582 5404 editores
605 5364 640 5404 en
662 5353 764 5404 neutra
787 5346 892 5418 glande
915 5347 951 5403 de
975 5346 1117 5403 eiusmodi
1141 5348 1224 5403 lineis
1247 5346 1431 5405 rettulerunt.

1267 5459 1305 5510 fi*
