3776 5966
683 571 852 624 cuaunns
870 572 1024 624 saraias.
1480 561 1528 633 89

179 766 232 818 1444
245 767 285 818 444
305 763 524 830 interpretandas
543 777 612 824 esse,
633 777 666 814 ex
678 764 736 828 ipsa
751 763 822 813 serie
833 762 984 827 compositu
1002 761 1082 813 facile
1100 765 1182 826 petet.
1220 763 1252 812 bt
1271 764 1336 828 legio
1350 763 1529 829 4111144444

179 852 255 903 44114
273 864 403 916 umquam
423 848 482 910 luit,
503 851 639 901 exstitisse
656 851 749 900 autem
768 851 832 899 tuuc
850 848 972 913 quidem,
993 861 1057 899 cum
1075 848 1126 899 bae
1138 847 1249 912 glandes
1267 853 1462 914 provenerunt,
1481 863 1537 916 par.

179 950 300 989 errorem
324 936 473 1002 putubatur
500 936 536 987 ob
561 935 653 987 titulos
679 933 814 999 quosdam
838 934 910 985 male
933 933 1017 986 lectos
1044 933 1116 998 (vide
1138 934 1173 985 44
1191 948 1219 985 n.
1234 931 1304 996 w).
1339 935 1442 986 Deinde
1465 949 1528 988 cum

182 1025 256 1076 nulla
280 1027 369 1076 certae
388 1021 485 1074 4444444
509 1023 627 1086 genuina
645 1021 721 1086 glans
740 1021 869 1086 inscripta
889 1023 989 1080 444144,
1015 1033 1086 1084 quae
1103 1021 1240 1083 posterior
1258 1021 1292 1072 444
1310 1020 1382 1071 bello
1402 1021 1532 1072 Perusino

184 1106 333 1174 (414844),
353 1109 399 1160 bic
417 1111 568 1159 occurrunt
586 1106 656 1173 legio
672 1107 750 1158 XXX
764 1103 840 1172 leia
858 1107 958 1156 vict'rix
977 1106 1012 1167 (n.
1029 1104 1086 1168 w)
1106 1106 1251 1156 aTraiauo
1268 1111 1295 1157 at
1312 1106 1382 1171 legio
1395 1109 1417 1158 ll
1436 1107 1527 1158 italica

185 1195 222 1256 (4.
237 1193 278 1244 ab
299 1192 339 1256 41)
357 1209 373 1245 4
390 1194 425 1246 41.
439 1193 550 1245 Aurelio
568 1193 706 1244 institutae
725 1193 751 1242 at
774 1193 920 1255 agnomina
932 1183 989 1257 ‘pla
1006 1186 1076 1242 14144
1099 1191 1135 1252 (4.
1157 1189 1198 1254 41)
1220 1205 1273 1243 444
1298 1192 1388 1243 minus
1412 1195 1529 1244 aetatem

176 1279 257 1345 longe
279 1281 459 1345 posteriorem
482 1278 634 1345 prodentia.
672 1277 803 1341 Legiones
820 1277 853 1326 Vl
872 1276 970 1327 terreta
994 1279 1022 1326 et
1039 1276 1089 1327 Xll
1107 1275 1155 1328 141.
1175 1278 1241 1328 satis
1265 1279 1391 1342 antiquae
1416 1279 1526 1343 quidam

177 1369 250 1429 sunt,
271 1366 318 1417 illa
336 1367 392 1416 sive
410 1365 445 1417 ab
464 1365 581 1417 lintoolo
599 1365 656 1417 4444
674 1363 709 1416 ab
729 1365 849 1429 liugusto
867 1363 991 1414 instituta
1005 1364 1042 1426 (v.
1057 1363 1265 1426 Mommsenum,
1287 1379 1331 1416 res
1348 1377 1374 1428 g.
1389 1365 1444 1416 divi
1458 1366 1525 1428 bug.

178 1451 253 1504 444
272 1457 343 1518 418
362 1453 445 1517 4444),
465 1451 533 1503 baec
556 1451 706 1518 posteriore
726 1451 837 1514 Augusti
855 1450 941 1501 aetate
967 1451 1004 1500 ita
1027 1451 1216 1513 cognominata
1231 1449 1264 1514 (v.
1286 1449 1525 1502 114444444484411.

178 1538 312 1590 44111444.
328 1541 394 1590 4441
412 1550 440 1603 4.
453 1541 501 1587 414
515 1538 598 1602 squ),
619 1536 668 1589 sed
686 1537 830 1601 agnomina
850 1541 904 1587 tam
924 1535 1008 1586 multa
1021 1536 1048 1585 in
1061 1536 1158 1601 paucis
1176 1535 1399 1601 inscriptionibus
1416 1537 1527 1587 omnino

178 1625 258 1677 valde
277 1626 404 1690 suspecta
423 1629 494 1686 sunt,
518 1637 581 1675 cum
600 1637 680 1676 usum
699 1636 792 1676 eorum
811 1623 973 1674 soliemnem
991 1623 1019 1673 in
1039 1622 1123 1673 titulis
1142 1622 1291 1687 posteriore
1309 1621 1420 1672 demum
1440 1624 1527 1674 444444

178 1709 325 1762 invaluisse
338 1714 453 1762 constet.
473 1735 507 1748 -
525 1711 585 1762 Non
598 1711 690 1761 minus
702 1708 871 1761 difficultatis
889 1709 980 1769 babet,
1000 1708 1075 1773 quod
1087 1721 1134 1760 444
1153 1709 1274 1772 legiones
1288 1708 1316 1758 in
1330 1708 1429 1758 Picano
1442 1707 1526 1760 luisse

178 1796 293 1861 glandes
308 1799 451 1858 testantur,
465 1798 567 1862 quippe
579 1809 650 1861 quae
663 1798 775 1860 excepta
794 1809 822 1847 n.
837 1793 879 1855 til,
900 1795 934 1845 do
953 1796 1032 1846 cuius
1045 1795 1121 1859 origo
1139 1797 1252 1854 tacetur,
1273 1807 1369 1845 omnes
1386 1795 1414 1844 in
1429 1795 1526 1846 Picano

178 1884 236 1934 sive
258 1885 292 1944 (n.
306 1883 354 1932 tt*
372 1887 399 1934 44
417 1882 474 1947 444)
502 1885 530 1934 44
555 1884 665 1948 regione
684 1883 815 1949 44444144
840 1885 963 1948 44444144
987 1893 1046 1932 asse
1070 1881 1205 1932 dicantur.
1241 1879 1272 1930 ld
1294 1881 1369 1930 enim
1393 1879 1427 1931 de
1451 1880 1526 1931 nulla

177 1982 272 2020 earum
290 1967 428 2033 legionum
446 1973 617 2034 compertum
636 1967 778 2030 babemus,
800 1967 919 2032 legiones
937 1968 959 2018 ll
979 1967 1072 2018 italica
1090 1969 1117 2016 44
1134 1965 1211 2018 XXX
1228 1967 1259 2016 V.
1275 1979 1300 2016 v.
1315 1978 1369 2016 non
1387 1979 1468 2032 posse
1488 1965 1524 2016 ibi

177 2055 321 2105 4144444444
340 2053 468 2107 babuisse
486 2058 533 2106 444
551 2055 620 2106 4444
639 2054 740 2105 bellum
759 2053 875 2118 gessisse
894 2055 969 2104 certo
987 2053 1099 2105 ecimus.
1137 2051 1242 2102 libelli
1261 2051 1369 2102 44444444
1391 2053 1524 2117 tempora,

179 2139 255 2204 quod
273 2139 322 2190 bas
347 2139 458 2204 glandes
483 2139 570 2192 torma
593 2137 698 2205 plumbi
724 2139 863 2190 4414444414
888 2138 1017 2190 simulare
1041 2141 1130 2203 patet,
1155 2137 1234 2203 plane
1259 2136 1407 2188 abhorrere
1432 2138 1525 2188 omnia

178 2225 247 2276 baec
265 2225 403 2290 legionum
423 2227 534 2278 nomina
553 2224 727 2277 manifestum
746 2228 796 2276 ast.
816 2251 850 2262 -
869 2225 981 2276 Restant
1005 2225 1196 2290 inscriptiones
1214 2223 1279 2274 bea:
1312 2223 1525 2287 4444441444444-

178 2314 317 2373 tartonam)
341 2309 432 2374 4411,
458 2314 547 2376 444414)
570 2313 605 2363 Vl
625 2312 857 2374 444444444444444)
882 2324 908 2360 4.
931 2307 972 2374 θ’,
998 2311 1129 2372 4444444441)
1154 2324 1180 2359 n.
1201 2309 1260 2372 itit,
1289 2309 1407 2370 11444444)
1432 2323 1458 2358 n.
1481 2307 1521 2368 84,

181 2397 252 2448 4144.
272 2399 320 2450 114.
338 2399 381 2461 444
400 2399 514 2450 Martem
532 2399 653 2449 vitorem
672 2396 825 2460 441444444)
844 2411 872 2448 n.
888 2393 945 2460 w,
965 2400 1035 2448 44444·
1055 2398 1205 2459 (plantatis)
1224 2409 1251 2446 n.
1271 2394 1329 2459 wi,
1354 2397 1524 2459 trepi(dcte?)

181 2500 209 2536 n.
225 2485 284 2546 441,
304 2481 389 2551 44444)
390 2482 436 2551 41]
454 2485 577 2536 Etruscis
595 2483 691 2535 litteris
703 2485 803 2550 scripta
816 2497 844 2534 n.
859 2482 918 2533 ⁴8⁸.
953 2483 1054 2534 Earum
1067 2495 1176 2547 quoque
1189 2481 1261 2532 nulla
1280 2483 1307 2532 in
1320 2483 1355 2532 iis
1367 2481 1521 2546 glandibus,

177 2571 212 2622 de
229 2583 345 2636 44444444
364 2571 520 2621 sinceritate
539 2573 659 2631 constat,
679 2573 785 2635 reperta
804 2573 862 2629 est,
882 2572 1023 2634 praeterea
1041 2583 1067 2620 n.
1083 2564 1116 2616 t*
1135 2571 1162 2619 et
1179 2581 1206 2618 n.
1221 2564 1254 2618 4*
1273 2569 1372 2617 444444
1389 2567 1522 2630 legionem

177 2657 391 2708 uoluntariorum
414 2655 488 2722 apud
506 2656 637 2707 baculum
661 2658 804 2716 testantur,
830 2669 857 2705 o.
880 2655 929 2704 it·t
952 2656 1033 2706 unica
1058 2655 1128 2705 14144
1153 2655 1262 2705 Latinas
1285 2653 1367 2704 deum
1391 2655 1525 2704 memorat

176 2743 255 2807 (quae
281 2743 464 2794 Mommseuus
489 2742 593 2807 Corp.l
618 2741 653 2792 ad
678 2754 705 2794 n.
721 2743 770 2792 448
789 2743 816 2792 44
834 2744 884 2791 444
909 2740 1036 2802 monuit),
1061 2739 1182 2804 reliquae
1204 2739 1395 2804 inscriptiones
1417 2739 1524 2790 etiamsi

176 2843 226 2894 per
244 2843 273 2880 44
290 2829 455 2895 suspicionis
474 2828 606 2879 indicium
625 2840 677 2878 uon
696 2825 854 2893 praebeant,
877 2826 979 2878 iraudis
999 2827 1063 2878 4444
1081 2827 1288 2886 444444444444,
1309 2825 1394 2890 quod,
1413 2826 1444 2874 ut
1456 2823 1522 2884 dixi,

176 2919 289 2966 externa
313 2915 405 2966 indole
429 2914 543 2966 eandem
567 2917 649 2978 atque
672 2915 778 2965 ceterae
803 2911 941 2964 cilicinam
964 2913 1093 2980 produnt.
1131 2910 1263 2963 1444414.
1286 2909 1343 2963 48“.
1364 2909 1413 2960 tt*
1431 2913 1523 2961 autem

176 3000 313 3053 accedunt
330 3001 437 3067 propria
457 3000 590 3065 quaedam
608 2997 733 3050 falsitatis
751 2999 851 3050 4441444
870 3013 911 3062 44,
932 3012 1002 3064 quae
1019 3011 1101 3064 supra
1120 2995 1278 3063 significavi.

246 3088 284 3137 De
309 3087 406 3138 barum
429 3084 566 3149 glandium
588 3087 694 3150 origine
712 3086 843 3150 variaque
867 3083 975 3136 1441444
993 3083 1130 3136 44444444
1148 3087 1211 3134 4444
1234 3083 1311 3134 baec.
1349 3081 1389 3132 Ex
1407 3082 1522 3147 epistula

174 3172 314 3237 Borghesii
333 3171 401 3222 inira
425 3172 561 3224 laudanda
587 3174 689 3222 scimus
716 3184 743 3222 n.
757 3169 800 3222 til.
822 3169 863 3222 5⁴⁸¹.
884 3169 927 3222 ct.
947 3168 987 3220 9¹.
1007 3169 1065 3220 444.
1086 3168 1144 3219 444.
1166 3167 1224 3219 444.
1246 3167 1295 3218 ittl
1313 3168 1450 3220 exstitisse
1462 3169 1522 3218 lam

174 3271 269 3310 mense
288 3257 357 3309 lulio
375 3259 438 3308 anni
457 3261 538 3322 4844;
565 3256 713 3308 fabricatas
737 3269 798 3307 essa
816 3257 874 3306 veri
899 3255 988 3306 simila
1006 3259 1046 3306 est
1070 3254 1162 3321 paullo
1180 3257 1260 3305 44444
1278 3254 1313 3304 44
1331 3253 1522 3317 decipiendum

175 3343 289 3396 tortasse
311 3343 466 3405 Minicium,
495 3343 542 3407 qui
569 3341 616 3394 illo
643 3345 766 3408 tempore
793 3340 904 3405 glandes
929 3341 1124 3405 undecumque
1150 3339 1276 3405 colligere
1302 3340 1448 3406 coepisset.
1492 3340 1521 3389 ln

175 3441 301 3480 museum
321 3429 527 3479 liircberianum
552 3427 650 3479 inlatas
674 3440 734 3478 essa
757 3429 829 3478 inter
852 3440 877 3478 a.
894 3429 959 3476 4441
979 3429 1005 3477 44
1023 3427 1089 3476 4444
1114 3425 1177 3475 inde
1195 3424 1287 3488 colligi
1311 3425 1389 3487 14444,
1414 3425 1488 3489 quod
1507 3438 1522 3475 4

175 3516 305 3567 Bruuatio
318 3528 343 3566 a.
359 3517 424 3564 4481
442 3514 565 3564 nondum
578 3515 838 3574 commemorantur,
859 3511 907 3563 sad
919 3525 973 3576 quo
986 3515 1108 3576 tempore
1121 3509 1224 3560 Minicii
1237 3511 1399 3576 opusculum
1415 3511 1522 3575 prelum

174 3600 303 3666 fatigabat
329 3601 363 3660 (4.
384 3600 575 3662 isat-tate),
601 3600 654 3650 iam
679 3597 736 3649 illic
753 3597 977 3649 asservabantur.
1002 3622 1036 3633 -
1053 3598 1076 3647 Α
1093 3609 1147 3661 quc
1171 3597 1281 3648 bomine
1304 3597 1520 3648 communicatae

176 3699 240 3739 cum
263 3687 373 3736 Minicio
396 3685 512 3748 tuerint,
538 3685 691 3747 nescimus,
722 3685 774 3735 nisi
797 3682 871 3748 quod
894 3697 922 3735 n.
944 3681 984 3732 44.
1011 3681 1053 3734 44,
1079 3678 1129 3732 ii*
1153 3685 1232 3733 44144
1256 3681 1363 3734 1444444
1386 3684 1521 3734 vincentii

174 3773 214 3824 De
231 3771 320 3823 Paolis
342 3769 504 3836 professoris
528 3769 563 3821 ab
586 3781 673 3834 eoque
698 3769 748 3819 bas
766 3783 793 3823 n.
809 3768 843 3817 t*
861 3772 888 3820 et
906 3767 938 3819 5⁴l
956 3770 983 3819 in
1003 3769 1100 3820 Piceno
1118 3768 1152 3819 44
1169 3768 1280 3819 Truenti
1303 3769 1377 3833 ripas
1401 3771 1522 3834 repertas

176 3871 237 3909 esse
256 3857 382 3908 Minicius
400 3860 521 3908 testatur.

245 3943 445 4005 Mommsenus,
475 3943 521 4007 qui
546 3941 594 3993 has
618 3942 732 4005 glandes
756 3955 808 3991 non
832 3942 953 4002 viderat,
983 3944 1093 4007 propter
1116 3941 1324 4005 inscriptionum
1348 3939 1468 3990 indolem
1494 3940 1522 3989 in

175 4028 303 4095 Corporis
320 4028 372 4079 vol.
388 4030 399 4079 l
418 4029 452 4080 44
470 4041 497 4077 4.
514 4031 573 4080 444.
594 4030 653 4078 444.
675 4029 724 4077 444
749 4028 949 4079 dubitationem
972 4025 1111 4092 protessus
1135 4028 1177 4076 est
1198 4026 1232 4076 de
1250 4027 1406 4077 sinceritate
1424 4025 1522 4076 barum

175 4113 218 4164 tt.
239 4112 280 4164 tl.
303 4114 793 4178 444444444444444444144444)
814 4127 840 4166 n.
856 4118 904 4175 an,
931 4114 1047 4164 manime
1071 4116 1161 4164 autem
1185 4112 1324 4177 glandium
1349 4126 1376 4162 4.
1391 4109 1519 4172 414-4444

175 4199 356 4252 confidentius
380 4201 454 4252 idem
474 4213 539 4252 mox
558 4201 585 4250 iu
604 4200 743 4251 8411441444
761 4199 818 4252 4444
833 4201 952 4252 instituto
972 4202 1038 4249 4444
1056 4212 1084 4265 p.
1099 4201 1131 4249 44
1151 4212 1212 4262 eas,
1232 4200 1260 4249 44
1279 4197 1379 4263 quibus
1403 4197 1522 4263 legiones

174 4289 269 4339 aetatis
288 4286 477 4351 imperatoriae
495 4286 636 4351 leguntur,
663 4284 745 4337 141444
769 4286 909 4338 habendas
927 4299 987 4338 esse
1012 4284 1165 4337 affirmavit.
1203 4284 1298 4351 Nuper
1315 4285 1426 4335 demum
1445 4287 1522 4335 com-

173 4374 312 4440 perimus,
335 4373 390 4424 iam
409 4371 602 4436 Borghesinm,
628 4385 747 4436 quocum
766 4386 791 4423 a.
807 4376 873 4422 4844
891 4372 1018 4422 Minicius
1042 4370 1196 4436 apographa
1215 4371 1473 4430 communicaverat,
1494 4371 1521 4420 in

174 4457 292 4525 epistula
310 4457 345 4508 44
362 4457 504 4508 Minicium
522 4457 623 4522 scripta
642 4458 656 4506 4
676 4456 808 4509 1414484
828 4456 876 4508 444
894 4457 966 4508 adite
985 4470 1010 4507 a.
1027 4460 1092 4507 4414
1109 4457 1138 4506 444
1157 4455 1280 4520 4441111
1298 4457 1391 4520 4444
1410 4456 1521 4507 easdem

174 4545 312 4609 legionum
337 4543 528 4609 inscriptiones
553 4543 579 4592 in
606 4543 792 4608 suspicionem
816 4555 930 4594 vocasse
954 4542 1123 4606 argumentis
1146 4541 1325 4605 gravissimis.
1361 4541 1394 4590 44
1412 4540 1521 4592 Minicio

174 4631 281 4681 tantum
300 4626 367 4679 aluit
382 4631 414 4678 ut
431 4629 618 4694 persuaderet,
645 4631 677 4679 ut
695 4629 757 4679 4414
776 4627 908 4694 opusculo
928 4642 977 4679 suo
990 4629 1040 4678 viri
1053 4627 1155 4678 summi
1167 4631 1195 4677 et
1207 4638 1306 4677 nomen
1319 4629 1347 4676 44
1358 4629 1521 4678 sententiam
1565 4621 1572 4626 “

173 4727 288 4781 prorsus
312 4716 429 4774 taceret,
457 4715 541 4765 immo
565 4714 610 4766 bic
633 4715 688 4765 illic
709 4717 868 4778 argumenta
887 4716 947 4766 eius
965 4717 1035 4765 tecte
1053 4712 1177 4764 retellere
1195 4715 1341 4762 conaretur
1358 4711 1401 4762 vel
1420 4711 1522 4763 41441)-

174 4800 311 4857 uteretur;
332 4798 367 4849 ad
386 4811 469 4862 quam
486 4810 545 4849 ram
564 4799 685 4850 44414444
702 4799 825 4850 attulisse
838 4799 993 4864 exemplum
1011 4798 1076 4849 boc:
1097 4809 1161 4847 cum
1179 4810 1207 4849 n.
1224 4793 1272 4846 it*
1289 4796 1424 4860 legionem
1436 4797 1522 4847 xviii

175 4883 283 4934 firmam
302 4896 336 4934 44
353 4883 490 4949 lapidibus
507 4897 651 4950 perperam
670 4884 749 4936 lectis
767 4885 824 4950 (pro
836 4884 898 4936 XVl
917 4885 1009 4936 Flavia
1022 4882 1109 4946 144444)
1130 4881 1272 4948 repetitam
1291 4893 1352 4933 esse
1370 4883 1523 4934 monuisset

175 4970 353 5034 borgbesiua,
378 4969 506 5021 Minicius
523 4970 665 5035 glandem,
687 4973 781 5035 utpote
799 4971 912 5021 unicum
930 4971 990 5021 4444
1008 4969 1121 5032 legionis
1139 4969 1340 5030 testimonium,
1367 4969 1393 5018 in
1413 4961 1521 5019 summo

175 5057 261 5122 pretio
274 5055 429 5106 babendum
441 5068 502 5108 esse
514 5054 667 5119 aiflrmavit,
688 5055 794 5121 lapides
806 5057 880 5106 enirn
893 5056 963 5107 duos
975 5059 1073 5118 tresve,
1093 5056 1140 5119 qui
1153 5067 1213 5106 eam
1226 5055 1319 5105 testari
1332 5055 1518 5117 crederentur,

176 5139 246 5192 male
271 5140 422 5206 descriptos
444 5152 505 5192 essa
529 5155 579 5207 pro
603 5145 677 5193 certo
702 5141 806 5193 baberi.
831 5167 866 5178 —
891 5141 972 5193 Nunc
995 5140 1107 5205 quidem
1131 5154 1165 5191 ex
1189 5142 1237 5201 iis,
1266 5154 1338 5205 quae
1364 5154 1415 5206 ego
1439 5153 1521 5207 supra

179 5225 324 5292 disputavi,
344 5228 418 5291 patet
435 5226 614 5291 Borgheaium
631 5228 884 5291 Mommsenumque
903 5229 977 5277 recte
1003 5224 1138 5276 iudicasse
1156 5227 1191 5278 de
1209 5227 1263 5278 iilis
1280 5226 1518 5293 inscriptionibus;

176 5310 223 5362 aed
245 5313 427 5378 suspicionem
450 5311 565 5377 professi
587 5316 651 5364 sunt
671 5311 830 5364 iraudemve
856 5312 1073 5372 affirmaverunt,
1102 5325 1157 5363 non
1180 5313 1405 5366 demonstrarunt
1429 5315 1522 5365 evice-
