3776 5966
392 535 439 606 92
893 548 1053 599 aaannas
1072 548 1225 600 7777777.

387 737 500 802 glandes
518 750 572 789 non
591 740 682 788 essent
700 750 788 802 nuper
806 737 917 788 demum
935 739 1046 790 incusae
1064 752 1173 800 omnes,
1195 741 1284 789 777777
1303 751 1399 802 magne
1420 752 1453 790 ar
1471 743 1550 804 parte
1568 739 1647 801 laiso,
1669 755 1733 792 nam

387 824 471 874 multa
497 825 591 874 777777
614 837 630 874 7
655 823 824 887 Desjardinio
848 824 918 876 male
942 824 1021 876 lacta.
1057 825 1242 888 liesjardinius
1266 826 1340 876 enim
1367 838 1420 876 non
1444 824 1534 875 solnm
1559 828 1586 876 in
1604 826 1731 892 plurimis

387 907 609 974 inscriptionibus
627 909 747 974 legendis
762 922 844 976 supra
866 922 947 975 quam
968 911 1150 976 credipotest
1170 909 1286 970 erravit,
1306 923 1402 960 verum
1422 912 1505 962 etiem
1522 913 1670 977 permultas
1690 915 1733 965 in-

386 995 546 1059 scriptiones
571 995 813 1061 inacriptionumve
831 995 960 1060 reliquias
977 997 1117 1061 nmquam
1142 997 1169 1046 in
1188 995 1332 1061 glandibus
1350 994 1447 1056 lectas,
1468 1009 1549 1062 saepe
1568 1011 1602 1048 ne
1621 999 1730 1052 dubita-

386 1081 488 1130 tionem
506 1080 618 1144 quidem
641 1080 793 1146 protessus,
819 1081 966 1132 delineavit
983 1081 1136 1147 ediditque,
1161 1093 1277 1146 querum
1295 1093 1347 1132 nec
1368 1081 1458 1133 volam
1477 1095 1527 1133 nec
1542 1085 1685 1149 vestigium
1703 1087 1730 1136 77
1756 1129 1768 1149 ,

386 1167 451 1230 ipsis
469 1169 573 1218 exstare
598 1166 719 1219 intellexi
737 1166 961 1218 confirmantibus
984 1168 1092 1228 amicis,
1117 1167 1217 1233 quibus
1235 1166 1381 1233 archetypa
1403 1170 1559 1220 monstravi.
1597 1171 1684 1236 litque
1702 1173 1730 1222 in

385 1257 499 1316 utraque
517 1265 546 1303 re
564 1255 620 1302 tam
639 1265 719 1319 saepe
744 1257 771 1304 et
788 1255 862 1304 tanto
881 1267 962 1319 opere
980 1255 1111 1319 peccavit,
1135 1255 1181 1304 vix
1198 1255 1228 1304 at
1245 1254 1360 1304 alterum
1379 1253 1443 1305 buic
1461 1267 1510 1319 par
1527 1255 1683 1320 exemplum
1702 1259 1729 1307 in

385 1338 511 1388 universa
531 1350 560 1388 re
579 1337 751 1403 epigraphica
775 1340 888 1405 reperiri
907 1343 986 1403 queat
1011 1339 1062 1390 nisi
1081 1337 1149 1389 torte
1168 1339 1238 1391 tituli
1250 1339 1421 1390 Pestinenses
1436 1340 1471 1391 ab
1483 1340 1580 1392 eedem
1598 1342 1678 1402 editi,
1694 1343 1729 1394 de

383 1423 483 1488 quibus
501 1424 626 1489 exposuit
643 1425 826 1475 Mommsenus
844 1425 871 1474 in
889 1424 1003 1488 lipbem.
1019 1426 1104 1488 epigr.
1119 1425 1142 1474 ll
1160 1438 1186 1490 p.
1202 1426 1250 1474 777
1264 1437 1324 1489 sqq.
1352 1425 1463 1490 Singula
1481 1425 1509 1480 b.
1523 1427 1540 1476 l.
1555 1429 1682 1493 persequi
1696 1443 1729 1480 eo

384 1509 473 1558 minus
486 1521 553 1574 opus
572 1511 622 1572 est,
642 1509 715 1572 quod
733 1510 856 1576 exempla
875 1523 890 1559 a
910 1523 954 1560 me
972 1511 999 1559 in
1018 1522 1117 1560 comm.
1133 1521 1175 1560 ae.
1195 1513 1261 1560 7777
1280 1522 1309 1575 p.
1330 1512 1379 1559 777
1397 1524 1457 1576 sqq.
1478 1514 1629 1578 composita
1651 1515 1727 1566 sulti-

383 1595 459 1645 ciunt
476 1596 503 1646 et
520 1595 594 1659 quod
611 1607 706 1645 omnes
726 1595 925 1658 allesJ'erdinio
937 1595 1157 1646 Desideratnrum
1174 1593 1387 1646 inscientiam.
1405 1598 1429 1646 t.
1450 1599 1464 1646 7
1484 1596 1570 1648 editas
1588 1599 1727 1665 inscripti-

383 1693 449 1732 ones
473 1681 579 1746 spurias
604 1693 664 1731 esse
688 1693 761 1731 nunc
785 1684 892 1732 constat
909 1694 940 1731 77
964 1683 1105 1747 praeterea
1129 1681 1291 1746 archetypa,
1317 1693 1387 1745 quae
1412 1680 1551 1733 falsarium
1569 1684 1728 1738 adhibuisse

383 1779 456 1818 nunc
480 1766 696 1817 demonstratum
721 1771 774 1828 est,
802 1769 840 1817 tot
857 1766 988 1818 lectiones
1012 1766 1231 1829 Desjardinienes
1249 1779 1298 1831 per
1315 1779 1344 1818 se
1368 1766 1525 1830 refutauit).
1544 1795 1580 1806 -
1597 1771 1727 1836 Bergltlus

383 1865 446 1902 vero
465 1854 571 1902 7777777
589 1851 671 1912 aluit,
693 1855 723 1902 77
740 1864 785 1902 me
803 1855 958 1904 mouentem
977 1851 1098 1912 audiret,
1124 1853 1156 1901 77
1173 1851 1255 1902 etiam
1276 1853 1366 1904 acrius
1384 1865 1496 1903 suarum
1520 1854 1629 1919 quidem
1649 1857 1724 1921 glan-

381 1938 458 1989 dium
470 1939 657 1988 sinceritatem
669 1939 804 1988 assereret
820 1951 934 2002 easque,
952 1939 1061 1988 interim
1074 1938 1152 1988 novis
1164 1937 1286 1988 eiusdem
1300 1936 1426 1989 oltlclnae
1434 1941 1609 1992 incrementis
1621 1945 1723 2002 777777,

381 2024 470 2075 77777
489 2023 581 2074 libello
599 2023 755 2086 leaciriftee
771 2024 914 2075 7777777777
932 2023 1220 2086 Settettderpeecliceee,
1248 2023 1352 2088 lipsiae
1377 2021 1483 2088 777777,
1507 2025 1534 2075 77
1553 2026 1643 2078 lucem
1661 2041 1725 2093 pro-

381 2109 471 2173 terret,
492 2110 527 2160 ad
545 2109 725 2160 contumelias
743 2109 928 2170 descendens,
954 2122 1024 2174 quae
1046 2114 1078 2158 ut
1095 2112 1170 2160 certo
1188 2111 1251 2159 sunt
1270 2108 1375 2160 liberali
1392 2109 1503 2161 bomine
1522 2111 1661 2176 indignae,
1689 2115 1723 2164 ite

381 2209 447 2247 num
465 2197 628 2261 pmvccatae
647 2193 747 2245 luerint
764 2195 990 2245 commentatione
1015 2207 1074 2244 mee
1093 2195 1241 2244 sententies
1264 2195 1338 2257 eius,
1365 2207 1418 2245 non
1437 2195 1528 2262 ipsum
1545 2197 1722 2263 impugnanti,

380 2280 491 2333 arbitrio
510 2281 630 2333 cuiusvis
642 2279 853 2331 existimandum
867 2279 999 2344 relinquo.
1023 2279 1169 2344 Berginium
1181 2279 1292 2331 doctum
1305 2292 1427 2344 sagacem
1441 2281 1612 2346 ingeniosum
1630 2297 1724 2335 omnes

364 2368 476 2432 merito
490 2366 669 2427 admirantur,
696 2379 728 2417 eo
747 2367 833 2429 magis
850 2369 940 2415 autem
959 2365 1106 2416 dolendum
1120 2370 1161 2417 ast
1172 2365 1292 2416 eundern
1310 2367 1402 2417 nescio
1415 2381 1469 2431 quc
1481 2368 1572 2418 animo
1585 2368 1722 2420 interdum

379 2458 563 2503 transversum
575 2455 674 2504 ,ectum
692 2463 739 2501 sua
757 2451 847 2515 ipsum
861 2451 957 2502 merita
970 2450 1169 2503 obscuravisse.
1183 2479 1219 2490 —
1235 2452 1273 2502 lle
1287 2452 1456 2517 Deslardinio
1468 2455 1496 2503 et
1508 2453 1620 2518 Berglrio
1638 2466 1722 2506 unum

377 2538 476 2589 addam
489 2537 551 2588 boc.
572 2538 601 2586 ln
611 2537 814 2587 commentariis
825 2537 923 2587 minor.
934 2537 1012 2588 acad.
1023 2536 1112 2588 Berol.
1128 2540 1194 2588 7777
1207 2550 1235 2601 p.
1245 2539 1289 2587 777
1304 2551 1363 2602 sqq.
1376 2550 1440 2589 cum
1453 2537 1549 2600 multe,
1569 2553 1640 2604 quae
1653 2541 1721 2592 male

378 2625 487 2688 legisset
498 2622 694 2686 Deajardiaius,
715 2623 880 2672 notavissem
892 2625 919 2674 et
937 2624 1125 2687 correxissem,
1146 2635 1178 2673 ex
1190 2622 1269 2687 longa
1287 2636 1410 2674 errorum
1429 2624 1498 2675 sarie
1517 2625 1584 2675 baec
1601 2627 1723 2692 exempla

378 2723 421 2760 me
434 2706 555 2774 prolerre
573 2706 720 2772 praelatus,
741 2708 926 2772 Desierdinlus
945 2707 1010 2760 iaso.
1025 2712 1039 2758 7
1054 2723 1080 2774 p.
1092 2713 1125 2759 77
1142 2721 1237 2760 eorum
1256 2721 1378 2760 errorum
1397 2713 1473 2776 parte
1486 2723 1567 2775 parva
1580 2712 1722 2764 emendata
1830 2726 1834 2732 ¹

377 2795 448 2846 sicut
466 2807 515 2856 ego
534 2789 741 2856 correxeramssl,
761 2791 891 2844 lasciculo
911 2797 924 2842 5
947 2793 1027 2854 (edito
1047 2807 1083 2844 m.
1098 2792 1166 2845 lulio
1186 2794 1262 2857 7777]
1282 2808 1309 2860 p.
1326 2797 1358 2842 77
1380 2807 1424 2845 me
1446 2795 1628 2861 reprehendit,
1649 2799 1721 2862 quod

378 2893 428 2942 ego
439 2879 490 2928 bos
503 2890 611 2929 errores
623 2880 759 2931 notassem
772 2880 834 2929 anta
844 2891 925 2943 qaam
939 2881 1023 2930 ceteri
1036 2879 1255 2930 Desideretorum
1266 2879 1388 2930 fasciculi
1397 2880 1573 2945 prodiissent;
1594 2883 1722 2947 Berglius

378 2979 441 3015 mox
461 2964 540 3028 (scat.
554 2967 619 3013 7777
634 2977 660 3028 p.
674 2966 705 3014 77
725 2966 793 3027 not.)
812 2977 856 3015 me
876 2967 987 3026 notavit,
1007 2965 1080 3030 quod
1099 2979 1152 3016 non
1172 2979 1267 3016 omnes
1283 2965 1444 3030 Dasiardinii
1464 2980 1571 3028 errores
1588 2972 1721 3021 correxis-

376 3049 472 3114 semti,
492 3049 556 3115 quid
576 3051 649 3114 quod
667 3063 694 3115 p.
711 3053 761 3100 777
780 3050 826 3101 777.
840 3055 872 3101 77
893 3050 937 3112 777.
957 3064 984 3116 p.
999 3053 1040 3114 777
1058 3051 1163 3114 glandia
1182 3050 1242 3113 w,
1258 3055 1302 3101 777
1325 3052 1469 3103 lectionem
1487 3057 1611 3117 opterpc,
1639 3068 1720 3120 quam

375 3153 390 3188 a
404 3149 447 3187 me
460 3135 672 3186 demonstratam
687 3137 855 3196 (7777777777.
871 3137 948 3187 7777.
964 3140 1029 3187 7777
1045 3151 1070 3202 p.
1082 3140 1147 3196 777;
1167 3135 1201 3186 77.
1216 3135 1283 3187 77777
1296 3150 1322 3203 p.
1338 3138 1398 3201 777)
1417 3139 1603 3202 777777777777
1614 3140 1721 3191 interim

377 3223 450 3288 (7777.
467 3225 491 3284 7,
507 3234 599 3272 mense
611 3221 763 3288 Septembri
778 3236 803 3273 7.
817 3226 881 3272 7777
893 3222 999 3274 Parisiis
1015 3222 1097 3286 edito,
1115 3223 1215 3287 corrig.
1228 3223 1306 3288 777)
1318 3228 1467 3288 receperat,
1484 3237 1528 3275 me
1540 3227 1602 3290 post
1612 3227 1722 3292 Desier-

373 3308 478 3359 dinium
499 3309 576 3372 quasi
598 3321 690 3357 meum
709 3308 849 3359 inventum
867 3307 985 3358 edidisse
1004 3309 1181 3358 insimulavit.
1203 3334 1238 3345 -
1259 3309 1306 3359 llis
1327 3321 1396 3374 quae
1421 3311 1583 3360 necessitate
1607 3316 1718 3364 coactus

374 3393 487 3444 uberius
499 3394 623 3458 exposui,
637 3392 808 3458 adiungenda
827 3393 961 3457 quaedam
979 3396 1043 3444 sunt
1065 3394 1100 3445 de
1118 3393 1251 3458 Raphaele
1269 3395 1426 3446 Garruccio.
1465 3394 1628 3446 Garrucciua
1645 3400 1720 3463 post·

374 3492 457 3543 quam
481 3491 496 3528 7
516 3477 630 3542 Bergkio
647 3493 671 3528 7.
692 3483 756 3529 7777
775 3477 887 3542 glandes
905 3479 1142 3542 lleejardinianae,
1162 3494 1176 3528 a
1196 3491 1240 3529 me
1259 3482 1313 3530 tam
1332 3480 1383 3532 baa
1401 3493 1484 3545 77777
1501 3481 1667 3544 Bergiieuae
1692 3485 1718 3534 in

374 3564 558 3630 suspicionem
578 3566 692 3614 vocatae
709 3563 753 3615 vel
771 3564 915 3615 damnatae
939 3567 1003 3614 sunt
1024 3564 1191 3627 (ltonctaber.
1212 3568 1279 3615 7777
1297 3577 1324 3628 p.
1340 3567 1372 3614 77
1386 3565 1472 3629 sqq),
1498 3565 1615 3631 denique
1632 3581 1648 3618 a
1666 3567 1719 3620 Ga·

373 3648 481 3701 briellio
500 3651 527 3699 et
538 3662 581 3700 me
594 3661 618 3699 a.
632 3652 697 3699 7777
718 3661 754 3699 m.
768 3649 841 3715 Sept.
855 3649 947 3701 Asculi
966 3649 993 3699 in
1006 3649 1076 3700 hanc
1091 3661 1148 3700 rem
1163 3649 1308 3714 diligenter
1323 3651 1481 3714 inquisitum
1497 3654 1539 3702 est
1551 3652 1588 3702 ita
1600 3655 1631 3703 nt
1650 3655 1676 3704 77
1687 3667 1719 3704 77

445 3807 468 3868 t)
495 3804 564 3864 Quid
587 3803 710 3865 falsarius
735 3804 806 3869 ipae,
831 3805 950 3868 optimus
967 3816 1032 3855 sane
1054 3803 1150 3863 iudex,
1177 3804 1212 3855 de
1231 3803 1434 3868 Desjardiniana
1453 3805 1591 3856 fraudium
1608 3819 1718 3858 auarum

375 3891 495 3946 editione
513 3890 638 3952 senserit,
659 3888 728 3939 intra
746 3889 977 3940 commemorabo.

444 3975 468 4038 7)
490 3973 529 4030 Cl.
544 3973 728 4032 llommsenus
747 3976 773 4024 in
792 3974 967 4040 ephemeride
981 3976 1018 4024 lm
1035 3988 1119 4026 neuen
1138 3975 1214 4026 777777
1232 3979 1309 4038 7776,
1324 3975 1347 4025 77
1365 3989 1391 4041 p.
1407 3979 1455 4025 777
1470 3989 1529 4041 sqq,

430 4060 467 4126 ,7)
489 4059 613 4124 Magnam
629 4071 722 4110 aarum
742 4059 951 4125 inscriptionum
963 4061 1080 4126 copiam,
1100 4073 1167 4125 quae
1185 4061 1243 4126 ipse
1261 4059 1394 4112 detexisse
1412 4061 1464 4114 sibi
1478 4064 1552 4114 visua
1569 4067 1635 4127 erat,
1650 4077 1718 4130 quae

373 4149 465 4197 tamen
483 4146 595 4196 omnino
614 4157 668 4195 non
687 4147 793 4197 exstent
810 4146 837 4195 in
855 4145 1011 4210 glandibus,
1032 4148 1060 4197 77
1079 4145 1251 4210 corrigendis
1269 4147 1323 4197 illis
1341 4161 1395 4197 uon
1414 4149 1510 4212 attigit.

443 4232 466 4294 77
487 4232 628 4281 Praeterea
647 4230 721 4296 quod
738 4231 929 4296 inscriptiones
948 4233 1021 4284 lectu
1039 4231 1164 4284 diltlciles
1188 4245 1232 4283 me
1250 4233 1371 4296 attigisse
1389 4236 1511 4298 negavit,
1531 4236 1638 4300 egregie
1656 4248 1717 4286 eum

373 4317 427 4369 lalli
446 4316 520 4368 haud
537 4329 626 4382 pauca
644 4320 672 4385 et
689 4316 723 4368 ab
742 4318 912 4381 Desjardinto
932 4321 959 4372 et
977 4333 992 4368 7
1011 4318 1125 4383 Bergkic
1145 4320 1203 4384 ipso
1222 4318 1313 4368 minus
1331 4322 1403 4370 recte
1426 4320 1494 4371 lecta
1512 4320 1715 4383 demonstrant,

372 4417 414 4455 ex.
427 4416 466 4466 gr.
482 4401 541 4464 w,
558 4406 607 4452 777
620 4404 654 4456 77.
674 4414 841 4456 7777777777
859 4402 922 4466 legit
946 4404 1027 4467 liesj,
1054 4403 1127 4454 idem
1153 4406 1246 4469 postea
1271 4402 1336 4454 iaso.
1352 4407 1364 4455 7
1386 4415 1550 4460 7777177777
1571 4399 1715 4464 correxit,

373 4499 440 4542 nort
460 4499 544 4542 77777
567 4488 696 4551 Berglrius
714 4502 777 4540 ann.
792 4488 876 4539 liban.
889 4492 920 4538 77
933 4503 961 4554 p.
974 4493 1005 4540 77
1025 4503 1086 4539 cum
1105 4488 1223 4552 legisset,
1243 4502 1307 4539 mox
1326 4503 1414 4540 meam
1433 4491 1578 4542 lectionem
1592 4493 1717 4556 (Monote-

371 4574 483 4625 bericlte
502 4577 568 4623 7777
593 4575 762 4638 pittaci.)
790 4583 960 4629 cmvmuvii
983 4575 1039 4638 ipse
1065 4574 1231 4638 7777777777.
1252 4587 1280 4640 p.
1307 4579 1355 4625 777
1385 4577 1495 4641 recepit.
1545 4576 1621 4627 idem
1645 4576 1715 4627 ed.l

371 4673 397 4725 p.
412 4661 443 4710 77
463 4673 516 4710 777
536 4661 611 4709 recte
635 4658 737 4724 legerat
761 4670 907 4726 77707777,
931 4673 1012 4724 quem
1031 4672 1153 4712 errorem
1172 4662 1255 4711 etiam
1273 4660 1460 4728 litbogrepbus
1478 4665 1538 4713 eius
1555 4663 1583 4714 77
1603 4663 1716 4726 imagine

370 4751 424 4796 7777
444 4746 508 4797 ed.l
528 4760 609 4811 quam
630 4747 673 4797 ed.
689 4747 712 4796 ll
732 4745 853 4797 exhibuit
865 4745 908 4808 (77.
923 4747 1050 4798 77777777.
1066 4750 1132 4797 7777
1146 4758 1171 4810 p.
1188 4748 1264 4810 tit);
1285 4749 1430 4813 postquem
1443 4751 1534 4799 autam
1547 4747 1615 4800 ibid.
1628 4763 1655 4815 p.
1667 4752 1715 4799 777

369 4843 467 4881 verum
484 4843 626 4886 veroniae
642 4845 692 4895 ego
711 4831 904 4893 demonstravi,
924 4834 950 4882 in
970 4834 1098 4882 contextu
1117 4831 1245 4882 editionis
1254 4832 1277 4882 ll
1295 4846 1322 4897 p.
1336 4836 1384 4883 777
1398 4847 1438 4898 sq.
1457 4833 1526 4886 banc
1544 4845 1562 4886 τ
1581 4834 1714 4901 probavit,

370 4921 492 4968 ceterum
510 4933 524 4968 7
539 4930 582 4967 ma
608 4921 760 4968 correctam
782 4929 841 4968 esse
864 4920 970 4978 tacens,
996 4918 1045 4969 sed
1068 4931 1189 4968 errorem
1213 4919 1280 4969 mibi
1306 4920 1332 4969 77
1356 4934 1383 4970 v.
1398 4922 1522 4985 sequenti
1541 4922 1714 4982 insimulans,

370 5008 418 5070 qui
436 5006 527 5058 nullus
539 5009 587 5058 est.
617 5005 686 5057 Nam
700 5006 716 5055 l.
733 5005 751 5058 l.
766 5018 820 5056 non
841 5016 934 5062 acone
957 5005 1040 5068 edidi,
1061 5009 1091 5057 ut
1102 5006 1232 5070 Berglina
1244 5006 1313 5057 Scit.
1328 5019 1354 5070 p.
1368 5011 1399 5056 77
1419 5006 1534 5069 indicat,
1555 5009 1605 5060 aad
1622 5017 1715 5061 'woav

370 5108 457 5160 eoque
475 5094 604 5160 reliquias
616 5096 682 5146 satis
699 5097 827 5146 accurate
841 5090 960 5154 reddidi,
978 5090 1108 5142 videlicet
1118 5092 1197 5156 typis.
1215 5092 1359 5157 Inscriptio
1374 5093 1447 5144 enim
1464 5093 1567 5158 integra
1580 5094 1717 5156 (sciliceta

369 5181 479 5234 falsario
500 5181 623 5245 77777777)
643 5183 684 5232 777
702 5192 813 5234 lisania
835 5181 944 5245 (comm.
960 5178 1037 5231 acad.
1053 5180 1120 5228 7777
1130 5191 1156 5243 p.
1171 5181 1211 5240 77)
1227 5191 1281 5229 777
1295 5181 1324 5228 77
1337 5182 1443 5244 putavit
1455 5180 1585 5244 Berglrius
1604 5189 1716 5235 iiERivlt

369 5273 417 5321 aut
434 5279 551 5323 itEltllll.
