3702 5962
376 621 441 668 x1v
949 609 1149 660 PRAEFATIO.

374 783 560 845 foraminum
590 784 677 864 origo
705 801 786 844 esse.
833 783 910 844 Nam
934 781 1085 844 Vittorins
1115 780 1371 862 archipresbyter
1392 783 1633 862 ltlngnanensis,
1665 785 1720 863 qui

373 888 506 949 Nisseno
530 886 672 966 mihique
694 905 722 946 a.
752 886 832 946 4864
857 883 1010 947 eiusmodi
1035 882 1166 962 glandes
1189 885 1391 961 monstravit,
1417 885 1552 946 rusticos
1574 887 1644 947 6466
1667 904 1720 947 66-

373 991 475 1068 gionis
498 988 637 1051 narravit
659 987 790 1069 glandes
817 1007 874 1069 pro
898 987 1046 1050 amuletis
1068 996 1193 1068 portare
1217 995 1249 1048 64
1271 985 1311 1048 66
1334 987 1391 1048 boc
1414 986 1578 1067 perforare
1601 989 1717 1050 solere.

372 1090 463 1155 Adde
486 1111 567 1173 quae
590 1092 682 1154 attuli
705 1112 737 1172 p.
756 1092 826 1152 XXI
850 1100 881 1152 et
901 1109 934 1170 p.
952 1091 1047 1151 llllll.

461 1197 490 1256 4.
523 1197 626 1274 Longe
657 1195 826 1275 plerasque
857 1193 990 1276 glandes
1020 1213 1037 1254 a
1067 1191 1232 1256 veteribus
1263 1211 1326 1254 non
1356 1191 1453 1255 luisse
1482 1194 1651 1274 inscriptas
1678 1193 1720 1256 de

373 1300 496 1360 Picenis
519 1295 649 1379 quidem
672 1307 757 1360 66646
781 1307 976 1378 compertum
999 1305 1048 1358 est
1070 1294 1291 1358 ellbssienibus
1313 1295 1429 1358 nostris
1449 1294 1498 1376 (64.
1519 1316 1551 1377 p.
1571 1295 1717 1378 56646).

373 1401 460 1463 ldem
483 1399 523 1462 de
555 1401 688 1480 reliquis
718 1398 847 1462 lortassc
878 1408 963 1462 recte
986 1399 1152 1478 statuitur,
1183 1397 1241 1460 sed
1263 1417 1315 1460 res
1338 1399 1457 1461 incerta
1480 1408 1529 1460 est
1552 1408 1721 1480 propterea

375 1503 461 1586 quod
490 1504 557 1566 iere
587 1523 650 1565 non
681 1512 898 1565 memorantur
927 1501 1158 1581 colligunturve
1181 1501 1241 1563 nisi
1264 1519 1340 1578 eae,
1380 1520 1461 1582 quae
1484 1502 1720 1581 inscriptionem

374 1609 425 1669 664
451 1607 621 1688 imaginem
643 1606 806 1668 exhibent.
854 1603 931 1668 lnda
954 1605 1038 1666 enim
1063 1602 1180 1666 lactum
1204 1622 1273 1666 esse
1295 1613 1410 1685 potest,
1436 1603 1522 1685 quod
1545 1606 1578 1666 in
1602 1607 1721 1667 muscis

375 1710 590 1792 anepigrapba
620 1710 767 1792 exempla
797 1727 858 1771 non
888 1727 989 1789 pauca
1023 1705 1155 1789 quidem
1185 1727 1224 1769 ex
1246 1707 1317 1769 aliis
1339 1707 1507 1770 territoriis
1540 1707 1601 1790 (ox.
1628 1726 1676 1788 gr.
1703 1729 1720 1768 e

375 1813 541 1893 Perusino,
568 1814 770 1894 maximaque
793 1832 833 1874 ex
855 1809 993 1891 Graecis)
1022 1811 1238 1892 provenientia
1263 1819 1479 1890 asservantur,
1512 1809 1569 1872 sed
1599 1809 1721 1872 minore

376 1916 442 1979 iere
454 1915 474 1997 ¹)
502 1935 634 1979 numero
657 1935 752 1996 quam
775 1917 937 1995 inscripta.
956 1949 1000 1960 —
1014 1915 1240 1995 lnsoriptarum
1263 1912 1427 1995 glandium
1448 1911 1656 1995 (paucissimis
1679 1911 1721 1974 de

379 2018 497 2100 quibus
521 2017 604 2081 inlra
627 2018 753 2082 dicetur
768 2018 917 2100 exceptis)
941 2018 1082 2080 omnium
1105 2017 1230 2080 litterae
1253 2025 1416 2080 exstantes
1431 2025 1517 2095 sunt,
1542 2017 1586 2078 ita
1609 2014 1721 2096 466466,

374 2132 408 2184 64
430 2123 463 2184 46
495 2120 613 2184 formae
647 2123 759 2204 argilla
788 2121 895 2184 umida
926 2121 1058 2203 graphio
1086 2121 1188 2183 aliave
1218 2119 1351 2201 cuspide
1374 2119 1609 2198 inciderentur,
1646 2117 1722 2180 lun-

373 2224 496 2287 dendae
519 2224 635 2288 deinde
664 2226 759 2288 simul
781 2245 852 2287 cum
875 2224 990 2306 glande
1019 2225 1097 2306 ipsa.
1144 2223 1295 2304 Exceptis
1323 2221 1545 2304 quattuorve!
1575 2223 1720 2303 6646666

374 2347 457 2409 6666
480 2329 696 2391 sinistrorsum
721 2327 855 2410 legenda
884 2339 975 2407 6664,
1011 2326 1248 2408 exemplaribus
1271 2327 1338 2394 his:
1368 2344 1401 2387 n.
1420 2324 1451 2387 7.
1477 2325 1540 2388 324
1563 2325 1616 2386 50.
1643 2325 1718 2385 tta.

375 2432 458 2509 ill,
498 2431 620 2493 litterae
650 2434 683 2493 in
717 2432 814 2510 lorma
850 2432 995 2494 inversae
1029 2431 1197 2511 inscriptae
1231 2429 1376 2508 luerunt,
1418 2431 1460 2490 ita
1491 2437 1529 2490 nt
1561 2427 1593 2489 in
1628 2428 1722 2508 glan-

363 2533 470 2597 dibus
492 2534 570 2614 ipsis
601 2533 787 2597 dextrorsus
818 2533 968 2615 procedat
998 2535 1167 2616 scriptura.
1222 2532 1286 2595 Sed
1314 2533 1365 2594 bic
1394 2532 1459 2593 illic
1491 2551 1551 2612 per
1578 2549 1721 2593 errorem

374 2635 515 2699 funditor
538 2637 659 2699 litteras
681 2637 823 2718 singulas
846 2638 1001 2699 contrario
1023 2637 1114 2700 modo
1131 2637 1289 2698 exaravit:
1316 2655 1335 2694 v
1358 2655 1390 2698 n.
1412 2634 1462 2712 47,
1488 2653 1504 2696 a
1527 2653 1560 2696 n.
1579 2634 1619 2693 84
1635 2653 1667 2695 6.
1685 2655 1718 2708 6,

375 2738 505 2802 46646666
528 2760 554 2801 w
583 2760 615 2802 6.
641 2741 693 2800 54.
719 2762 741 2801 1.
773 2776 817 2786 -
845 2743 880 2802 ln
913 2739 1074 2802 nonnullis
1100 2739 1142 2821 (6.
1170 2739 1232 2799 404
1261 2739 1313 2800 53.
1341 2739 1480 2800 55-60.
1507 2739 1557 2798 69.
1584 2737 1637 2796 80.
1663 2738 1717 2799 82.

375 2843 428 2904 85.
447 2841 497 2922 92)
517 2861 630 2905 666666
652 2845 737 2905 46664
752 2843 941 2924 6664666466
964 2843 1007 2904 446
1031 2844 1151 2904 exarati
1174 2851 1259 2922 sunt,
1286 2851 1321 2905 ut
1344 2833 1568 2926 βουστροφηδὸν
1590 2837 1720 2919 legendi

374 2947 449 3008 sint.
487 2947 562 3007 Bina
585 2946 684 3008 latera
708 2947 857 3026 inscripta
880 2954 955 3008 6664
976 2945 1106 3008 barum:
1132 2966 1165 3008 n.
1185 2947 1215 3008 4.
1234 2947 1265 3008 2.
1285 2945 1334 3025 bc.
1354 2947 1402 3007 24.
1420 2946 1451 3006 3.
1471 2945 1522 3006 36.
1542 2945 1572 3004 9.
1592 2943 1643 3003 44.
1663 2943 1718 3003 46.

375 3051 429 3110 25.
455 3050 507 3111 29.
535 3048 673 3111 49-52.
700 3049 751 3110 56.
779 3047 831 3110 57.
857 3049 910 3111 te.
937 3049 989 3109 64.
1016 3049 1067 3110 66.
1094 3050 1233 3110 66-68.
1259 3048 1398 3110 70-80.
1424 3048 1472 3108 94.
1498 3047 1552 3109 98.
1570 3045 1621 3107 95.
1643 3045 1717 3106 408.

377 3153 449 3215 442.
479 3153 551 3213 449.
579 3152 650 3214 tlt.
679 3153 757 3228 420;
793 3150 877 3214 idem
902 3149 1017 3214 lactum
1041 3159 1089 3214 est
1112 3153 1145 3212 in
1169 3151 1234 3228 bis,
1272 3169 1408 3232 quarum
1434 3159 1540 3213 tamen
1563 3149 1663 3211 latera
1685 3149 1721 3208 in

374 3265 482 3317 ternas
497 3255 647 3337 pluresve
670 3273 762 3319 areas
778 3263 853 3317 sunt
868 3253 1011 3316 divisae:
1037 3273 1070 3315 n.
1091 3254 1142 3317 40.
1160 3255 1213 3317 22.
1232 3255 1285 3316 23.
1304 3253 1357 3316 53.
1376 3253 1429 3315 56.
1448 3253 1501 3313 58.
1521 3253 1572 3314 60.
1593 3252 1644 3313 62.
1664 3252 1717 3312 69.

374 3360 427 3421 82.
454 3360 505 3420 92.
532 3361 583 3422 et.
604 3357 657 3421 97.
677 3361 729 3420 99.
750 3359 822 3420 448.
836 3367 880 3402 ’-
900 3357 1163 3420 Paucissimarum
1187 3357 1430 3438 inscriptionum
1453 3363 1623 3419 excavatae
1644 3362 1723 3415 sunt

375 3463 512 3541 litterae,
526 3481 607 3542 quas
622 3463 654 3524 in
671 3461 739 3524 lusa
755 3463 817 3523 iam
833 3459 947 3542 glande
964 3461 1159 3542 scariphatas
1174 3479 1245 3523 esse
1257 3470 1406 3541 apparet:
1425 3477 1459 3520 6.
1473 3459 1513 3522 20
1536 3457 1573 3540 (64
1588 3457 1724 3537 antiqua

375 3565 444 3647 664),
471 3567 523 3627 bl.
552 3565 624 3628 409.
653 3565 725 3626 440.
748 3567 808 3627 428
828 3563 946 3646 (666),
972 3563 1178 3644 eiusdemque
1202 3563 1330 3644 generis
1352 3564 1392 3624 65
1415 3560 1545 3624 6466466
1567 3559 1719 3638 4646664);

375 3666 499 3748 glandis
520 3667 636 3730 unicae
658 3686 690 3728 6.
710 3669 750 3728 88
774 3667 937 3749 inscriptio
960 3677 1015 3730 664
1038 3667 1137 3730 466466
1159 3675 1215 3730 664
1235 3668 1321 3730 caelo
1344 3665 1475 3728 46646666
1497 3663 1587 3726 46664
1610 3663 1723 3724 inausa

375 3779 435 3832 664.
475 3770 733 3852 Scaripbatarum
756 3771 914 3851 scriptura
937 3771 1072 3850 cursiva,
1099 3779 1278 3832 ceterarum
1295 3768 1449 3851 quadrata
1471 3776 1537 3844 est;
1564 3763 1723 3846 quaedam

375 3872 516 3936 medium
540 3873 624 3934 inter
652 3882 822 3955 utramque
852 3872 984 3936 lormam
1014 3873 1117 3936 locum
1141 3881 1252 3936 tenent
1277 3873 1391 3934 litteris
1418 3869 1639 3953 gracilioribus
1662 3886 1724 3929 ex-

374 3984 498 4054 aratae,
531 3995 613 4057 quae
642 3995 741 4058 prope
772 3976 927 4040 accedant
957 3976 997 4039 ad
1027 3977 1127 4058 pictas
1150 3977 1200 4038 vel
1223 3977 1340 4038 calamo
1369 3975 1504 4056 scriptas
1527 3973 1579 4034 vel
1600 3969 1723 4034 tabulis

375 4079 505 4141 abeneis
527 4079 643 4142 incisas
667 4081 727 4161 (ex.
754 4099 802 4161 gr.
828 4100 859 4142 6.
881 4080 931 4140 45.
960 4081 998 4141 48
1023 4091 1055 4144 64
1076 4079 1215 4161 quadam
1239 4089 1332 4142 tenus
1357 4079 1408 4140 40.
1429 4075 1494 4160 44).

463 4183 641 4262 Numquam
677 4193 783 4247 autem
815 4184 1059 4265 inscriptiones,
1086 4194 1244 4265 quatenus
1272 4183 1450 4246 litterarum
1481 4177 1725 4258 eminentiumi)

376 4294 461 4364 sunt,
489 4285 754 4368 incudendo⁴)
782 4297 858 4351 sunt
880 4287 997 4366 lactae;
1024 4306 1097 4351 nam
1113 4286 1217 4350 omnia
1240 4285 1272 4350 id
1293 4304 1394 4367 genus
1409 4282 1614 4365 exemplaria,
1640 4299 1725 4361 6666

376 4491 494 4557 lapidem
514 4492 678 4545 Heliodorus
697 4493 773 4545 actu.
795 4494 841 4556 444,
857 4497 887 4556 a;
909 4492 1009 4545 indicia
1027 4506 1097 4558 6666
1120 4507 1153 4544 ex
1176 4492 1277 4560 oppido
1303 4492 1415 4555 Attagus
1440 4504 1456 4541 a
1474 4485 1663 4555 proditoribus
1684 4485 1723 4536 66

376 4579 519 4631 Caesarem
542 4580 729 4640 mittebantur,
755 4580 885 4645 inscripta
904 4581 982 4630 amnt
999 4577 1144 4644 glandibus
1163 4579 1242 4646 ipsis;
1263 4577 1298 4631 64.
1319 4591 1344 4644 p.
1363 4580 1395 4628 44
1413 4580 1477 4629 6646
1495 4589 1522 4627 6.
1543 4578 1586 4626 49.

446 4666 468 4728 4)
487 4666 516 4715 46
536 4680 630 4718 masso
649 4667 840 4718 Panormitano
858 4665 959 4718 multae
979 4665 1155 4732 inscriptione
1179 4668 1305 4718 66666466
1322 4664 1518 4722 66666666466;
1550 4660 1585 4713 64.
1604 4657 1721 4717 Salinas.

375 4763 464 4801 museo
481 4753 507 4802 dt
526 4752 583 4804 l’ol.
604 4756 668 4802 4879
688 4766 714 4818 p.
731 4755 772 4802 47.

445 4837 471 4898 4)
495 4837 592 4903 spuria
615 4842 657 4890 664
675 4852 702 4891 n.
724 4841 756 4887 44
764 4835 805 4888 ct.
842 4839 988 4904 suspectae
1012 4841 1074 4890 6664
1105 4852 1133 4888 n.
1153 4841 1187 4888 44
1206 4839 1263 4887 664.
1282 4839 1310 4887 64
1328 4835 1377 4886 074
1389 4839 1419 4897 a,
1439 4835 1473 4886 66
1491 4833 1534 4885 bis
1552 4834 1669 4896 44666666
1686 4830 1724 4880 66

376 4935 403 4970 6.
414 4925 437 4981 t,
449 4924 480 4971 49
494 4927 550 4974 664.
564 4923 745 4976 differendum
759 4926 800 4976 664
811 4923 958 4985 iudicium,
972 4925 1060 4976 donec
1073 4923 1164 4976 denno
1177 4925 1345 4975 examinatae
1357 4922 1466 4974 luerint.
1495 4921 1525 4970 46
1538 4917 1723 4970 animatas

376 5006 462 5072 (add.)
484 5010 567 5061 latare
585 5010 671 5062 altero
689 5011 795 5064 litterae
807 5014 871 5064 6664
888 5014 1043 5071 excavatae,
1063 5012 1113 5063 666
1131 5010 1212 5062 simul
1231 5023 1294 5062 cum
1313 5009 1419 5076 glandis
1437 5007 1544 5059 melone
1561 5004 1657 5057 466466.

445 5096 470 5156 4)
498 5096 585 5148 Vnica
610 5098 751 5163 inscriptio
782 5111 809 5150 6.
830 5103 878 5161 80,
907 5099 985 5149 cuius
1013 5098 1118 5150 litterae
1144 5100 1290 5149 excavatae
1316 5099 1393 5159 sunt,
1422 5092 1579 5146 incedendo
1606 5089 1723 5142 46646666

375 5186 444 5239 lacta
462 5186 512 5244 664,
532 5183 581 5233 666
600 5197 653 5233 666
673 5185 699 5233 46
718 5183 803 5235 iorma
822 5187 853 5237 64
870 5184 1046 5236 adulteratae.

448 5268 471 5330 t)
500 5266 620 5321 liubblus
638 5269 781 5322 (4464666646
802 5271 861 5322 Vlii
882 5273 967 5334 (4794)
988 5285 1014 5336 p.
1031 5275 1078 5320 474
1104 5272 1208 5323 44446666
1232 5270 1340 5322 8466466
1364 5269 1508 5322 cniusdam
1526 5268 1634 5334 glandis
1653 5264 1726 5338 (6466

374 5349 550 5422 ’6446646666
567 5347 689 5418 ‘accipite'
709 5359 735 5406 et
747 5357 785 5408 De
797 5357 904 5409 44464646
920 5359 974 5423 (664
992 5359 1103 5408 omniuo
1122 5356 1157 5408 de
1169 5356 1315 5422 glandibus
1328 5353 1493 5408 fabricandis
1510 5355 1580 5406 mira
1597 5354 1725 5422 protulit;
