<?xml version="1.0" encoding="UTF-8"?>
<!DOCTYPE html PUBLIC "-//W3C//DTD XHTML 1.0 Transitional//EN"
    "http://www.w3.org/TR/xhtml1/DTD/xhtml1-transitional.dtd">
<html xmlns="http://www.w3.org/1999/xhtml" xml:lang="en" lang="en">
 <head>
  <title>
</title>
<meta http-equiv="Content-Type" content="text/html;charset=utf-8" />
  <meta name='ocr-system' content='tesseract 3.04.00' />
  <meta name='ocr-capabilities' content='ocr_page ocr_carea ocr_par ocr_line ocrx_word'/>
</head>
<body>
  <div class='ocr_page' id='page_1' title='image "./ephemerisepigra15instgoog_0068.png"; bbox 0 0 3702 5962; ppageno 0'>
   <div class='ocr_carea' id='block_1_1' title="bbox 584 565 1464 634">
    <p class='ocr_par' dir='ltr' id='par_1_1' title="bbox 584 565 1464 634">
     <span class='ocr_line' id='line_1_1' title="bbox 584 565 1464 634; baseline 0.006 -10"><span class='ocrx_word' id='word_1_1' title='bbox 584 575 628 625; x_wconf 84' lang='grc'>66</span> <span class='ocrx_word' id='word_1_2' title='bbox 646 573 818 634; x_wconf 79' lang='lat' dir='ltr'><strong>remorsu</strong></span> <span class='ocrx_word' id='word_1_3' title='bbox 836 575 993 628; x_wconf 76' lang='grc'>6666666.</span> <span class='ocrx_word' id='word_1_4' title='bbox 1443 565 1464 634; x_wconf 86' lang='grc'>11</span> 
     </span>
    </p>
   </div>
   <div class='ocr_carea' id='block_1_2' title="bbox 127 763 1470 4743">
    <p class='ocr_par' dir='ltr' id='par_1_2' title="bbox 127 763 1470 3925">
     <span class='ocr_line' id='line_1_2' title="bbox 129 763 1466 848; baseline 0 -20"><span class='ocrx_word' id='word_1_5' title='bbox 129 766 256 848; x_wconf 72' lang='grc'>1666161),</span> <span class='ocrx_word' id='word_1_6' title='bbox 291 763 506 846; x_wconf 55' lang='grc'>6166116161)</span> <span class='ocrx_word' id='word_1_7' title='bbox 541 769 577 826; x_wconf 95' lang='grc'>66</span> <span class='ocrx_word' id='word_1_8' title='bbox 600 771 779 828; x_wconf 75' lang='grc'>1616616666]</span> <span class='ocrx_word' id='word_1_9' title='bbox 807 777 935 828; x_wconf 66' lang='lat' dir='ltr'><strong>montem</strong></span> <span class='ocrx_word' id='word_1_10' title='bbox 965 769 1002 827; x_wconf 95' lang='lat' dir='ltr'><strong>ab</strong></span> <span class='ocrx_word' id='word_1_11' title='bbox 1032 772 1126 842; x_wconf 88' lang='lat' dir='ltr'><strong>iisque</strong></span> <span class='ocrx_word' id='word_1_12' title='bbox 1154 772 1323 843; x_wconf 91' lang='lat' dir='ltr'><strong>compulsus</strong></span> <span class='ocrx_word' id='word_1_13' title='bbox 1351 775 1380 828; x_wconf 92' lang='lat' dir='ltr'><strong>in</strong></span> <span class='ocrx_word' id='word_1_14' title='bbox 1402 773 1466 828; x_wconf 89' lang='lat' dir='ltr'><strong>Pir-</strong></span> 
     </span>
     <span class='ocr_line' id='line_1_3' title="bbox 129 865 1466 950; baseline 0 -20"><span class='ocrx_word' id='word_1_15' title='bbox 129 891 199 932; x_wconf 86' lang='lat' dir='ltr'>mum</span> <span class='ocrx_word' id='word_1_16' title='bbox 220 874 365 932; x_wconf 85' lang='lat' dir='ltr'><strong>ooloniem</strong></span> <span class='ocrx_word' id='word_1_17' title='bbox 385 865 530 948; x_wconf 77' lang='lat' dir='ltr'><strong>(Latinam)</strong></span> <span class='ocrx_word' id='word_1_18' title='bbox 551 873 687 930; x_wconf 83' lang='lat' dir='ltr'><strong>Romanis</strong></span> <span class='ocrx_word' id='word_1_19' title='bbox 706 873 791 930; x_wconf 91' lang='lat' dir='ltr'><strong>fldam</strong></span> <span class='ocrx_word' id='word_1_20' title='bbox 808 889 840 930; x_wconf 90' lang='lat' dir='ltr'>se</span> <span class='ocrx_word' id='word_1_21' title='bbox 863 875 974 944; x_wconf 91' lang='lat' dir='ltr'><strong>recepit</strong></span> <span class='ocrx_word' id='word_1_22' title='bbox 993 867 1078 949; x_wconf 78' lang='lat' dir='ltr'><strong>(App.</strong></span> <span class='ocrx_word' id='word_1_23' title='bbox 1101 877 1127 944; x_wconf 95' lang='grc'>1,</span> <span class='ocrx_word' id='word_1_24' title='bbox 1150 867 1214 950; x_wconf 76' lang='lat' dir='ltr'><strong>il),</strong></span> <span class='ocrx_word' id='word_1_25' title='bbox 1233 873 1285 930; x_wconf 94' lang='lat' dir='ltr'><strong>ubi</strong></span> <span class='ocrx_word' id='word_1_26' title='bbox 1303 891 1319 930; x_wconf 88' lang='lat' dir='ltr'><strong>a</strong></span> <span class='ocrx_word' id='word_1_27' title='bbox 1335 876 1466 932; x_wconf 88' lang='lat' dir='ltr'><strong>Lairenio</strong></span> 
     </span>
     <span class='ocr_line' id='line_1_4' title="bbox 129 975 1466 1047; baseline 0 -13"><span class='ocrx_word' id='word_1_28' title='bbox 129 978 256 1034; x_wconf 85' lang='lat' dir='ltr'><strong>obsessus</strong></span> <span class='ocrx_word' id='word_1_29' title='bbox 279 981 332 1034; x_wconf 85' lang='lat' dir='ltr'><strong>est.</strong></span> <span class='ocrx_word' id='word_1_30' title='bbox 373 975 440 1032; x_wconf 84' lang='lat' dir='ltr'><strong>ltox</strong></span> <span class='ocrx_word' id='word_1_31' title='bbox 461 980 616 1047; x_wconf 89' lang='lat' dir='ltr'><strong>postquam</strong></span> <span class='ocrx_word' id='word_1_32' title='bbox 638 977 711 1032; x_wconf 91' lang='lat' dir='ltr'><strong>alter</strong></span> <span class='ocrx_word' id='word_1_33' title='bbox 733 977 877 1032; x_wconf 83' lang='lat' dir='ltr'><strong>exercitus</strong></span> <span class='ocrx_word' id='word_1_34' title='bbox 899 975 929 1032; x_wconf 93' lang='lat' dir='ltr'>ln</span> <span class='ocrx_word' id='word_1_35' title='bbox 951 976 1088 1031; x_wconf 81' lang='lat' dir='ltr'><strong>auxilium</strong></span> <span class='ocrx_word' id='word_1_36' title='bbox 1111 975 1238 1044; x_wconf 90' lang='grc'>6666611,</span> <span class='ocrx_word' id='word_1_37' title='bbox 1265 977 1327 1047; x_wconf 84' lang='grc'>1666</span> <span class='ocrx_word' id='word_1_38' title='bbox 1348 984 1378 1034; x_wconf 88' lang='grc'>61</span> <span class='ocrx_word' id='word_1_39' title='bbox 1399 977 1466 1034; x_wconf 91' lang='lat' dir='ltr'><strong>Sul-</strong></span> 
     </span>
     <span class='ocr_line' id='line_1_5' title="bbox 128 1078 1467 1151; baseline 0.001 -16"><span class='ocrx_word' id='word_1_40' title='bbox 128 1081 210 1151; x_wconf 89' lang='lat' dir='ltr'><strong>picius</strong></span> <span class='ocrx_word' id='word_1_41' title='bbox 232 1089 290 1136; x_wconf 90' lang='lat' dir='ltr'>tam</span> <span class='ocrx_word' id='word_1_42' title='bbox 313 1097 329 1135; x_wconf 93' lang='lat' dir='ltr'><strong>a</strong></span> <span class='ocrx_word' id='word_1_43' title='bbox 343 1079 439 1136; x_wconf 80' lang='lat' dir='ltr'><strong>fronte</strong></span> <span class='ocrx_word' id='word_1_44' title='bbox 455 1094 542 1151; x_wconf 92' lang='lat' dir='ltr'><strong>quam</strong></span> <span class='ocrx_word' id='word_1_45' title='bbox 557 1078 594 1136; x_wconf 91' lang='lat' dir='ltr'><strong>ab</strong></span> <span class='ocrx_word' id='word_1_46' title='bbox 611 1085 691 1150; x_wconf 91' lang='lat' dir='ltr'><strong>tergo</strong></span> <span class='ocrx_word' id='word_1_47' title='bbox 715 1079 808 1136; x_wconf 89' lang='lat' dir='ltr'><strong>adorti</strong></span> <span class='ocrx_word' id='word_1_48' title='bbox 823 1079 956 1136; x_wconf 81' lang='lat' dir='ltr'>Picentes</span> <span class='ocrx_word' id='word_1_49' title='bbox 974 1081 1053 1148; x_wconf 86' lang='lat' dir='ltr'><strong>gravi</strong></span> <span class='ocrx_word' id='word_1_50' title='bbox 1069 1079 1181 1149; x_wconf 91' lang='lat' dir='ltr'><strong>proelio</strong></span> <span class='ocrx_word' id='word_1_51' title='bbox 1196 1079 1334 1136; x_wconf 80' lang='lat' dir='ltr'><strong>fuderunt</strong></span> <span class='ocrx_word' id='word_1_52' title='bbox 1348 1083 1467 1138; x_wconf 88' lang='lat' dir='ltr'><strong>eastris·</strong></span> 
     </span>
     <span class='ocr_line' id='line_1_6' title="bbox 128 1181 1465 1254; baseline -0.001 -15"><span class='ocrx_word' id='word_1_53' title='bbox 128 1199 178 1254; x_wconf 90' lang='grc'>666</span> <span class='ocrx_word' id='word_1_54' title='bbox 199 1199 300 1240; x_wconf 88' lang='lat' dir='ltr'><strong>eorum</strong></span> <span class='ocrx_word' id='word_1_55' title='bbox 323 1181 450 1239; x_wconf 88' lang='lat' dir='ltr'><strong>incensis</strong></span> <span class='ocrx_word' id='word_1_56' title='bbox 473 1188 503 1238; x_wconf 93' lang='lat' dir='ltr'>et</span> <span class='ocrx_word' id='word_1_57' title='bbox 524 1181 655 1239; x_wconf 82' lang='grc'>16166616</span> <span class='ocrx_word' id='word_1_58' title='bbox 679 1184 708 1238; x_wconf 92' lang='grc'>16</span> <span class='ocrx_word' id='word_1_59' title='bbox 730 1183 793 1238; x_wconf 90' lang='grc'>6616</span> <span class='ocrx_word' id='word_1_60' title='bbox 816 1183 914 1240; x_wconf 87' lang='grc'>666166</span> <span class='ocrx_word' id='word_1_61' title='bbox 937 1182 1113 1247; x_wconf 86' lang='grc'>6116666661,</span> <span class='ocrx_word' id='word_1_62' title='bbox 1139 1187 1172 1237; x_wconf 93' lang='grc'>61</span> <span class='ocrx_word' id='word_1_63' title='bbox 1194 1181 1233 1238; x_wconf 87' lang='grc'>1111</span> <span class='ocrx_word' id='word_1_64' title='bbox 1256 1183 1319 1238; x_wconf 91' lang='grc'>6166</span> <span class='ocrx_word' id='word_1_65' title='bbox 1346 1183 1426 1239; x_wconf 91' lang='grc'>6666</span> <span class='ocrx_word' id='word_1_66' title='bbox 1449 1199 1465 1238; x_wconf 91' lang='grc'>6</span> 
     </span>
     <span class='ocr_line' id='line_1_7' title="bbox 127 1277 1468 1358; baseline -0.001 -15"><span class='ocrx_word' id='word_1_67' title='bbox 127 1286 219 1344; x_wconf 82' lang='lat' dir='ltr'>ordine</span> <span class='ocrx_word' id='word_1_68' title='bbox 234 1285 386 1353; x_wconf 71' lang='lat' dir='ltr'><strong>Asculum,</strong></span> <span class='ocrx_word' id='word_1_69' title='bbox 413 1285 635 1340; x_wconf 89' lang='lat' dir='ltr'><strong>munitissimum</strong></span> <span class='ocrx_word' id='word_1_70' title='bbox 646 1277 667 1358; x_wconf 82' lang='lat'>³)</span> <span class='ocrx_word' id='word_1_71' title='bbox 687 1283 837 1356; x_wconf 88' lang='lat' dir='ltr'><strong>oppidum,</strong></span> <span class='ocrx_word' id='word_1_72' title='bbox 863 1277 1096 1356; x_wconf 77' lang='lat' dir='ltr'><strong>confugerent⁴).</strong></span> <span class='ocrx_word' id='word_1_73' title='bbox 1137 1285 1257 1354; x_wconf 82' lang='lat' dir='ltr'>Propter</span> <span class='ocrx_word' id='word_1_74' title='bbox 1271 1299 1359 1356; x_wconf 89' lang='lat' dir='ltr'><strong>quam</strong></span> <span class='ocrx_word' id='word_1_75' title='bbox 1374 1287 1468 1342; x_wconf 90' lang='grc'>61616-</span> 
     </span>
     <span class='ocr_line' id='line_1_8' title="bbox 128 1385 1466 1459; baseline -0.001 -15"><span class='ocrx_word' id='word_1_76' title='bbox 128 1391 191 1444; x_wconf 85' lang='lat' dir='ltr'><strong>riam</strong></span> <span class='ocrx_word' id='word_1_77' title='bbox 212 1389 320 1445; x_wconf 87' lang='lat' dir='ltr'><strong>liomae</strong></span> <span class='ocrx_word' id='word_1_78' title='bbox 343 1388 439 1444; x_wconf 90' lang='lat' dir='ltr'><strong>luctus</strong></span> <span class='ocrx_word' id='word_1_79' title='bbox 461 1385 561 1444; x_wconf 91' lang='lat' dir='ltr'><strong>babitu</strong></span> <span class='ocrx_word' id='word_1_80' title='bbox 584 1387 715 1456; x_wconf 88' lang='lat' dir='ltr'><strong>deposito</strong></span> <span class='ocrx_word' id='word_1_81' title='bbox 738 1391 905 1458; x_wconf 75' lang='lat' dir='ltr'><strong>praetextae</strong></span> <span class='ocrx_word' id='word_1_82' title='bbox 928 1393 957 1442; x_wconf 91' lang='lat' dir='ltr'>et</span> <span class='ocrx_word' id='word_1_83' title='bbox 978 1391 1075 1443; x_wconf 89' lang='lat' dir='ltr'><strong>cetera</strong></span> <span class='ocrx_word' id='word_1_84' title='bbox 1106 1387 1323 1457; x_wconf 80' lang='lat' dir='ltr'><strong>magistratuum</strong></span> <span class='ocrx_word' id='word_1_85' title='bbox 1346 1389 1466 1459; x_wconf 90' lang='lat' dir='ltr'><strong>insignia</strong></span> 
     </span>
     <span class='ocr_line' id='line_1_9' title="bbox 129 1487 1468 1566; baseline -0.001 -20"><span class='ocrx_word' id='word_1_86' title='bbox 129 1499 233 1564; x_wconf 89' lang='lat' dir='ltr'><strong>sumpta</strong></span> <span class='ocrx_word' id='word_1_87' title='bbox 257 1487 371 1566; x_wconf 69' lang='lat' dir='ltr'><strong>suast).</strong></span> <span class='ocrx_word' id='word_1_88' title='bbox 408 1491 463 1547; x_wconf 89' lang='lat' dir='ltr'><strong>Diu</strong></span> <span class='ocrx_word' id='word_1_89' title='bbox 485 1490 624 1560; x_wconf 82' lang='lat' dir='ltr'><strong>deinceps</strong></span> <span class='ocrx_word' id='word_1_90' title='bbox 639 1490 803 1561; x_wconf 91' lang='lat' dir='ltr'><strong>Pompeius,</strong></span> <span class='ocrx_word' id='word_1_91' title='bbox 829 1491 945 1546; x_wconf 90' lang='lat' dir='ltr'><strong>interim</strong></span> <span class='ocrx_word' id='word_1_92' title='bbox 968 1490 1069 1546; x_wconf 92' lang='lat' dir='ltr'><strong>consul</strong></span> <span class='ocrx_word' id='word_1_93' title='bbox 1093 1490 1327 1562; x_wconf 87' lang='grc'>1661666666,</span> <span class='ocrx_word' id='word_1_94' title='bbox 1354 1490 1468 1547; x_wconf 89' lang='lat' dir='ltr'><strong>obsedit</strong></span> 
     </span>
     <span class='ocr_line' id='line_1_10' title="bbox 128 1586 1468 1669; baseline 0.002 -21"><span class='ocrx_word' id='word_1_95' title='bbox 128 1586 307 1669; x_wconf 74' lang='lat' dir='ltr'><strong>Asculum⁶);</strong></span> <span class='ocrx_word' id='word_1_96' title='bbox 343 1594 381 1650; x_wconf 94' lang='lat' dir='ltr'>de</span> <span class='ocrx_word' id='word_1_97' title='bbox 409 1595 492 1650; x_wconf 91' lang='lat' dir='ltr'><strong>cuius</strong></span> <span class='ocrx_word' id='word_1_98' title='bbox 523 1591 682 1651; x_wconf 86' lang='lat' dir='ltr'><strong>obsidionis</strong></span> <span class='ocrx_word' id='word_1_99' title='bbox 710 1591 960 1650; x_wconf 88' lang='lat' dir='ltr'><strong>vicissitudinibus</strong></span> <span class='ocrx_word' id='word_1_100' title='bbox 989 1593 1061 1649; x_wconf 94' lang='lat' dir='ltr'><strong>nibil</strong></span> <span class='ocrx_word' id='word_1_101' title='bbox 1084 1593 1145 1648; x_wconf 89' lang='grc'>1666</span> <span class='ocrx_word' id='word_1_102' title='bbox 1166 1593 1304 1650; x_wconf 90' lang='lat' dir='ltr'><strong>traditum</strong></span> <span class='ocrx_word' id='word_1_103' title='bbox 1325 1591 1468 1651; x_wconf 82' lang='lat' dir='ltr'><strong>hebemus</strong></span> 
     </span>
     <span class='ocr_line' id='line_1_11' title="bbox 129 1693 1468 1769; baseline -0.001 -16"><span class='ocrx_word' id='word_1_104' title='bbox 129 1700 175 1753; x_wconf 90' lang='lat' dir='ltr'><strong>nisi</strong></span> <span class='ocrx_word' id='word_1_105' title='bbox 196 1697 277 1769; x_wconf 93' lang='lat' dir='ltr'><strong>quod</strong></span> <span class='ocrx_word' id='word_1_106' title='bbox 299 1697 453 1754; x_wconf 84' lang='lat' dir='ltr'><strong>Frontinus</strong></span> <span class='ocrx_word' id='word_1_107' title='bbox 476 1703 557 1753; x_wconf 87' lang='lat' dir='ltr'><strong>strat.</strong></span> <span class='ocrx_word' id='word_1_108' title='bbox 577 1701 606 1766; x_wconf 82' lang='grc'>6,</span> <span class='ocrx_word' id='word_1_109' title='bbox 637 1699 685 1766; x_wconf 84' lang='grc'>11,</span> <span class='ocrx_word' id='word_1_110' title='bbox 706 1701 723 1753; x_wconf 84' lang='grc'><strong>8</strong></span> <span class='ocrx_word' id='word_1_111' title='bbox 744 1693 903 1753; x_wconf 75' lang='lat' dir='ltr'><strong>Asculanos</strong></span> <span class='ocrx_word' id='word_1_112' title='bbox 926 1697 1109 1765; x_wconf 85' lang='lat' dir='ltr'><strong>eruptionem</strong></span> <span class='ocrx_word' id='word_1_113' title='bbox 1131 1709 1272 1752; x_wconf 89' lang='lat' dir='ltr'><strong>successu</strong></span> <span class='ocrx_word' id='word_1_114' title='bbox 1294 1695 1330 1752; x_wconf 92' lang='lat' dir='ltr'><strong>ad</strong></span> <span class='ocrx_word' id='word_1_115' title='bbox 1354 1703 1468 1768; x_wconf 90' lang='lat' dir='ltr'><strong>tempus</strong></span> 
     </span>
     <span class='ocr_line' id='line_1_12' title="bbox 129 1798 1467 1876; baseline 0.001 -21"><span class='ocrx_word' id='word_1_116' title='bbox 129 1801 195 1857; x_wconf 89' lang='grc'>161161</span> <span class='ocrx_word' id='word_1_117' title='bbox 221 1800 329 1856; x_wconf 86' lang='lat' dir='ltr'><strong>iecisse</strong></span> <span class='ocrx_word' id='word_1_118' title='bbox 357 1805 507 1856; x_wconf 88' lang='lat' dir='ltr'><strong>memorat.</strong></span> <span class='ocrx_word' id='word_1_119' title='bbox 554 1800 688 1876; x_wconf 88' lang='lat' dir='ltr'><strong>Denique</strong></span> <span class='ocrx_word' id='word_1_120' title='bbox 718 1799 893 1869; x_wconf 83' lang='lat' dir='ltr'><strong>expugnavit</strong></span> <span class='ocrx_word' id='word_1_121' title='bbox 923 1798 1024 1856; x_wconf 85' lang='lat' dir='ltr'><strong>consul</strong></span> <span class='ocrx_word' id='word_1_122' title='bbox 1053 1799 1193 1868; x_wconf 90' lang='lat' dir='ltr'><strong>oppidum</strong></span> <span class='ocrx_word' id='word_1_123' title='bbox 1220 1799 1329 1870; x_wconf 89' lang='lat' dir='ltr'><strong>duplici</strong></span> <span class='ocrx_word' id='word_1_124' title='bbox 1357 1799 1467 1870; x_wconf 94' lang='lat' dir='ltr'><strong>proelio</strong></span> 
     </span>
     <span class='ocr_line' id='line_1_13' title="bbox 128 1893 1464 1978; baseline -0.001 -20"><span class='ocrx_word' id='word_1_125' title='bbox 128 1902 208 1960; x_wconf 88' lang='lat' dir='ltr'><strong>altero</strong></span> <span class='ocrx_word' id='word_1_126' title='bbox 230 1904 334 1959; x_wconf 84' lang='grc'>1166616</span> <span class='ocrx_word' id='word_1_127' title='bbox 360 1894 433 1978; x_wconf 89' lang='lat' dir='ltr'><strong>(per.</strong></span> <span class='ocrx_word' id='word_1_128' title='bbox 454 1906 493 1959; x_wconf 85' lang='grc'>11</span> <span class='ocrx_word' id='word_1_129' title='bbox 516 1895 624 1976; x_wconf 82' lang='lat' dir='ltr'><strong>med),</strong></span> <span class='ocrx_word' id='word_1_130' title='bbox 651 1901 742 1958; x_wconf 91' lang='lat' dir='ltr'><strong>altero</strong></span> <span class='ocrx_word' id='word_1_131' title='bbox 763 1899 929 1958; x_wconf 85' lang='lat' dir='ltr'><strong>Picentibus</strong></span> <span class='ocrx_word' id='word_1_132' title='bbox 951 1899 1054 1958; x_wconf 88' lang='lat' dir='ltr'><strong>eadem</strong></span> <span class='ocrx_word' id='word_1_133' title='bbox 1077 1901 1124 1957; x_wconf 91' lang='lat' dir='ltr'>die</span> <span class='ocrx_word' id='word_1_134' title='bbox 1145 1895 1239 1975; x_wconf 88' lang='lat' dir='ltr'><strong>[Oros.</strong></span> <span class='ocrx_word' id='word_1_135' title='bbox 1259 1893 1345 1977; x_wconf 78' lang='grc'>111)</span> <span class='ocrx_word' id='word_1_136' title='bbox 1370 1903 1464 1970; x_wconf 90' lang='lat' dir='ltr'><strong>victis,</strong></span> 
     </span>
     <span class='ocr_line' id='line_1_14' title="bbox 129 2003 1469 2077; baseline 0.001 -17"><span class='ocrx_word' id='word_1_137' title='bbox 129 2006 238 2076; x_wconf 89' lang='grc'>666616</span> <span class='ocrx_word' id='word_1_138' title='bbox 255 2008 332 2062; x_wconf 90' lang='lat' dir='ltr'><strong>circa</strong></span> <span class='ocrx_word' id='word_1_139' title='bbox 347 2003 486 2062; x_wconf 77' lang='lat' dir='ltr'><strong>Asculum</strong></span> <span class='ocrx_word' id='word_1_140' title='bbox 505 2007 637 2077; x_wconf 90' lang='lat' dir='ltr'><strong>quinque</strong></span> <span class='ocrx_word' id='word_1_141' title='bbox 656 2010 685 2060; x_wconf 93' lang='lat' dir='ltr'>et</span> <span class='ocrx_word' id='word_1_142' title='bbox 699 2006 880 2076; x_wconf 81' lang='lat' dir='ltr'><strong>septuaginta</strong></span> <span class='ocrx_word' id='word_1_143' title='bbox 903 2004 982 2060; x_wconf 90' lang='lat' dir='ltr'><strong>milia</strong></span> <span class='ocrx_word' id='word_1_144' title='bbox 997 2003 1102 2060; x_wconf 86' lang='lat' dir='ltr'><strong>civium</strong></span> <span class='ocrx_word' id='word_1_145' title='bbox 1119 2004 1323 2074; x_wconf 82' lang='lat' dir='ltr'><strong>Romanorum,</strong></span> <span class='ocrx_word' id='word_1_146' title='bbox 1344 2004 1469 2076; x_wconf 91' lang='lat' dir='ltr'><strong>amplius</strong></span> 
     </span>
     <span class='ocr_line' id='line_1_15' title="bbox 128 2098 1468 2182; baseline -0.001 -18"><span class='ocrx_word' id='word_1_147' title='bbox 128 2111 265 2180; x_wconf 80' lang='lat' dir='ltr'><strong>sexaginta</strong></span> <span class='ocrx_word' id='word_1_148' title='bbox 287 2107 365 2164; x_wconf 89' lang='lat' dir='ltr'><strong>milia</strong></span> <span class='ocrx_word' id='word_1_149' title='bbox 388 2107 523 2165; x_wconf 90' lang='lat' dir='ltr'><strong>italorum</strong></span> <span class='ocrx_word' id='word_1_150' title='bbox 547 2107 740 2164; x_wconf 83' lang='lat' dir='ltr'><strong>conflixerunt</strong></span> <span class='ocrx_word' id='word_1_151' title='bbox 767 2099 897 2182; x_wconf 75' lang='lat' dir='ltr'><strong>(Velit,</strong></span> <span class='ocrx_word' id='word_1_152' title='bbox 920 2098 985 2182; x_wconf 80' lang='grc'>11).</span> <span class='ocrx_word' id='word_1_153' title='bbox 1032 2103 1073 2162; x_wconf 77' lang='lat' dir='ltr'>bo</span> <span class='ocrx_word' id='word_1_154' title='bbox 1096 2107 1254 2164; x_wconf 77' lang='lat' dir='ltr'><strong>Marsorum</strong></span> <span class='ocrx_word' id='word_1_155' title='bbox 1277 2107 1398 2178; x_wconf 92' lang='lat' dir='ltr'><strong>quidem</strong></span> <span class='ocrx_word' id='word_1_156' title='bbox 1419 2106 1468 2163; x_wconf 92' lang='lat' dir='ltr'><strong>illo</strong></span> 
     </span>
     <span class='ocr_line' id='line_1_16' title="bbox 128 2197 1467 2286; baseline -0.001 -18"><span class='ocrx_word' id='word_1_157' title='bbox 128 2213 228 2282; x_wconf 89' lang='lat' dir='ltr'><strong>proelio</strong></span> <span class='ocrx_word' id='word_1_158' title='bbox 243 2197 346 2268; x_wconf 79' lang='lat' dir='ltr'><strong>‘xviri</strong></span> <span class='ocrx_word' id='word_1_159' title='bbox 369 2211 445 2267; x_wconf 90' lang='lat' dir='ltr'><strong>milia</strong></span> <span class='ocrx_word' id='word_1_160' title='bbox 468 2227 536 2267; x_wconf 91' lang='lat' dir='ltr'><strong>cum</strong></span> <span class='ocrx_word' id='word_1_161' title='bbox 552 2211 661 2268; x_wconf 83' lang='lat' dir='ltr'><strong>Franco</strong></span> <span class='ocrx_word' id='word_1_162' title='bbox 682 2204 735 2284; x_wconf 89' lang='lat' dir='ltr'><strong>(sic</strong></span> <span class='ocrx_word' id='word_1_163' title='bbox 751 2203 877 2286; x_wconf 89' lang='grc'>6661666)</span> <span class='ocrx_word' id='word_1_164' title='bbox 900 2211 1073 2282; x_wconf 90' lang='lat' dir='ltr'><strong>imperatore</strong></span> <span class='ocrx_word' id='word_1_165' title='bbox 1096 2225 1150 2266; x_wconf 93' lang='lat' dir='ltr'>suo</span> <span class='ocrx_word' id='word_1_166' title='bbox 1173 2218 1358 2280; x_wconf 80' lang='lat' dir='ltr'><strong>caesareum,</strong></span> <span class='ocrx_word' id='word_1_167' title='bbox 1385 2215 1467 2282; x_wconf 88' lang='lat' dir='ltr'><strong>capta</strong></span> 
     </span>
     <span class='ocr_line' id='line_1_17' title="bbox 129 2312 1469 2386; baseline 0 -17"><span class='ocrx_word' id='word_1_168' title='bbox 129 2317 173 2370; x_wconf 89' lang='lat' dir='ltr'><strong>tria</strong></span> <span class='ocrx_word' id='word_1_169' title='bbox 192 2316 288 2383; x_wconf 89' lang='lat' dir='ltr'><strong>milia;</strong></span> <span class='ocrx_word' id='word_1_170' title='bbox 315 2319 452 2385; x_wconf 89' lang='lat' dir='ltr'><strong>quattuor</strong></span> <span class='ocrx_word' id='word_1_171' title='bbox 473 2313 550 2370; x_wconf 91' lang='lat' dir='ltr'><strong>milia</strong></span> <span class='ocrx_word' id='word_1_172' title='bbox 573 2319 670 2371; x_wconf 91' lang='lat' dir='ltr'><strong>autem</strong></span> <span class='ocrx_word' id='word_1_173' title='bbox 685 2313 775 2370; x_wconf 88' lang='lat' dir='ltr'><strong>italici</strong></span> <span class='ocrx_word' id='word_1_174' title='bbox 797 2313 853 2369; x_wconf 83' lang='grc'>6161</span> <span class='ocrx_word' id='word_1_175' title='bbox 876 2329 911 2368; x_wconf 81' lang='lat' dir='ltr'>er</span> <span class='ocrx_word' id='word_1_176' title='bbox 934 2312 1081 2370; x_wconf 90' lang='grc'>6666666</span> <span class='ocrx_word' id='word_1_177' title='bbox 1104 2312 1217 2386; x_wconf 84' lang='lat' dir='ltr'><strong>prologi</strong></span> <span class='ocrx_word' id='word_1_178' title='bbox 1241 2316 1340 2386; x_wconf 88' lang='lat' dir='ltr'><strong>iugum</strong></span> <span class='ocrx_word' id='word_1_179' title='bbox 1362 2315 1469 2371; x_wconf 90' lang='lat' dir='ltr'><strong>montis</strong></span> 
     </span>
     <span class='ocr_line' id='line_1_18' title="bbox 129 2401 1470 2489; baseline 0 -16"><span class='ocrx_word' id='word_1_180' title='bbox 129 2418 360 2486; x_wconf 86' lang='lat' dir='ltr'><strong>conscenderant,</strong></span> <span class='ocrx_word' id='word_1_181' title='bbox 385 2415 437 2474; x_wconf 90' lang='lat' dir='ltr'><strong>ubi</strong></span> <span class='ocrx_word' id='word_1_182' title='bbox 465 2418 599 2489; x_wconf 87' lang='lat' dir='ltr'><strong>oppressi</strong></span> <span class='ocrx_word' id='word_1_183' title='bbox 625 2418 838 2488; x_wconf 80' lang='lat' dir='ltr'><strong>exanimatique</strong></span> <span class='ocrx_word' id='word_1_184' title='bbox 864 2414 980 2472; x_wconf 86' lang='lat' dir='ltr'><strong>nivibus</strong></span> <span class='ocrx_word' id='word_1_185' title='bbox 1002 2415 1160 2473; x_wconf 86' lang='lat' dir='ltr'><strong>miserabili</strong></span> <span class='ocrx_word' id='word_1_186' title='bbox 1190 2423 1282 2474; x_wconf 88' lang='lat' dir='ltr'><strong>morte</strong></span> <span class='ocrx_word' id='word_1_187' title='bbox 1308 2401 1470 2488; x_wconf 87' lang='lat' dir='ltr'><strong>riguerunt&#39;</strong></span> 
     </span>
     <span class='ocr_line' id='line_1_19' title="bbox 133 2513 1468 2596; baseline -0.002 -20"><span class='ocrx_word' id='word_1_188' title='bbox 133 2514 217 2592; x_wconf 74' lang='lat' dir='ltr'><strong>(Oros.</strong></span> <span class='ocrx_word' id='word_1_189' title='bbox 244 2513 262 2596; x_wconf 79' lang='lat'>§</span> <span class='ocrx_word' id='word_1_190' title='bbox 290 2525 326 2577; x_wconf 84' lang='grc'>18</span> <span class='ocrx_word' id='word_1_191' title='bbox 351 2513 426 2596; x_wconf 71' lang='lat' dir='ltr'><strong>sq).</strong></span> <span class='ocrx_word' id='word_1_192' title='bbox 474 2521 541 2577; x_wconf 90' lang='lat' dir='ltr'><strong>Post</strong></span> <span class='ocrx_word' id='word_1_193' title='bbox 562 2520 722 2576; x_wconf 91' lang='lat' dir='ltr'><strong>Picentium</strong></span> <span class='ocrx_word' id='word_1_194' title='bbox 754 2518 867 2576; x_wconf 88' lang='lat' dir='ltr'><strong>cladem</strong></span> <span class='ocrx_word' id='word_1_195' title='bbox 896 2517 955 2574; x_wconf 85' lang='lat' dir='ltr'>dux</span> <span class='ocrx_word' id='word_1_196' title='bbox 977 2535 1078 2577; x_wconf 89' lang='lat' dir='ltr'><strong>eorum</strong></span> <span class='ocrx_word' id='word_1_197' title='bbox 1102 2518 1274 2588; x_wconf 88' lang='lat' dir='ltr'><strong>Vidacilius,</strong></span> <span class='ocrx_word' id='word_1_198' title='bbox 1307 2519 1468 2576; x_wconf 75' lang='lat' dir='ltr'><strong>Asculanos</strong></span> 
     </span>
     <span class='ocr_line' id='line_1_20' title="bbox 128 2610 1469 2695; baseline 0 -17"><span class='ocrx_word' id='word_1_199' title='bbox 128 2639 242 2693; x_wconf 89' lang='lat' dir='ltr'><strong>genere,</strong></span> <span class='ocrx_word' id='word_1_200' title='bbox 277 2610 453 2680; x_wconf 82' lang='lat' dir='ltr'><strong>‘convocatis</strong></span> <span class='ocrx_word' id='word_1_201' title='bbox 481 2621 663 2695; x_wconf 90' lang='lat' dir='ltr'><strong>principibus</strong></span> <span class='ocrx_word' id='word_1_202' title='bbox 692 2623 752 2678; x_wconf 90' lang='lat' dir='ltr'><strong>suis</strong></span> <span class='ocrx_word' id='word_1_203' title='bbox 783 2627 850 2692; x_wconf 92' lang='lat' dir='ltr'><strong>post</strong></span> <span class='ocrx_word' id='word_1_204' title='bbox 878 2622 1045 2693; x_wconf 84' lang='lat' dir='ltr'><strong>magnificas</strong></span> <span class='ocrx_word' id='word_1_205' title='bbox 1069 2621 1170 2692; x_wconf 90' lang='lat' dir='ltr'><strong>epulas</strong></span> <span class='ocrx_word' id='word_1_206' title='bbox 1197 2623 1335 2694; x_wconf 88' lang='lat' dir='ltr'><strong>largaque</strong></span> <span class='ocrx_word' id='word_1_207' title='bbox 1366 2622 1469 2692; x_wconf 90' lang='lat' dir='ltr'><strong>pocula</strong></span> 
     </span>
     <span class='ocr_line' id='line_1_21' title="bbox 129 2724 1469 2797; baseline -0.001 -16"><span class='ocrx_word' id='word_1_208' title='bbox 129 2733 240 2784; x_wconf 89' lang='lat' dir='ltr'><strong>cunctos</strong></span> <span class='ocrx_word' id='word_1_209' title='bbox 271 2725 309 2781; x_wconf 88' lang='lat' dir='ltr'><strong>ad</strong></span> <span class='ocrx_word' id='word_1_210' title='bbox 339 2725 506 2797; x_wconf 83' lang='lat' dir='ltr'><strong>exemplum</strong></span> <span class='ocrx_word' id='word_1_211' title='bbox 534 2727 580 2782; x_wconf 92' lang='lat' dir='ltr'>sui</span> <span class='ocrx_word' id='word_1_212' title='bbox 607 2740 771 2797; x_wconf 90' lang='lat' dir='ltr'><strong>provocans</strong></span> <span class='ocrx_word' id='word_1_213' title='bbox 794 2724 897 2781; x_wconf 90' lang='lat' dir='ltr'><strong>hausto</strong></span> <span class='ocrx_word' id='word_1_214' title='bbox 919 2738 1034 2782; x_wconf 88' lang='grc'>666666</span> <span class='ocrx_word' id='word_1_215' title='bbox 1063 2724 1235 2796; x_wconf 90' lang='lat' dir='ltr'><strong>absumptus</strong></span> <span class='ocrx_word' id='word_1_216' title='bbox 1263 2732 1321 2795; x_wconf 89' lang='lat' dir='ltr'><strong>est,</strong></span> <span class='ocrx_word' id='word_1_217' title='bbox 1357 2726 1469 2783; x_wconf 89' lang='grc'>6666116</span> 
     </span>
     <span class='ocr_line' id='line_1_22' title="bbox 129 2813 1465 2904; baseline 0 -22"><span class='ocrx_word' id='word_1_218' title='bbox 129 2828 226 2886; x_wconf 86' lang='lat' dir='ltr'><strong>iactum</strong></span> <span class='ocrx_word' id='word_1_219' title='bbox 242 2831 306 2886; x_wconf 89' lang='lat' dir='ltr'><strong>eius</strong></span> <span class='ocrx_word' id='word_1_220' title='bbox 321 2827 507 2885; x_wconf 90' lang='lat' dir='ltr'><strong>laudantibus</strong></span> <span class='ocrx_word' id='word_1_221' title='bbox 529 2829 581 2884; x_wconf 87' lang='lat' dir='ltr'>sed</span> <span class='ocrx_word' id='word_1_222' title='bbox 601 2829 717 2885; x_wconf 89' lang='lat' dir='ltr'><strong>nemine</strong></span> <span class='ocrx_word' id='word_1_223' title='bbox 740 2813 1168 2904; x_wconf 63' lang='grc'>6666666661610666111,</span> <span class='ocrx_word' id='word_1_224' title='bbox 1196 2829 1233 2885; x_wconf 90' lang='grc'>61.</span> <span class='ocrx_word' id='word_1_225' title='bbox 1253 2826 1328 2901; x_wconf 72' lang='lat' dir='ltr'><strong>App.</strong></span> <span class='ocrx_word' id='word_1_226' title='bbox 1351 2833 1378 2898; x_wconf 90' lang='grc'>1,</span> <span class='ocrx_word' id='word_1_227' title='bbox 1400 2821 1465 2902; x_wconf 81' lang='lat' dir='ltr'><strong>to).</strong></span> 
     </span>
     <span class='ocr_line' id='line_1_23' title="bbox 129 2917 1468 3004; baseline 0 -18"><span class='ocrx_word' id='word_1_228' title='bbox 129 2917 595 3004; x_wconf 60' lang='grc' dir='ltr'>ζ16666616616661666166666666</span> <span class='ocrx_word' id='word_1_229' title='bbox 610 2931 784 3001; x_wconf 71' lang='lat' dir='ltr'><strong>praefectos</strong></span> <span class='ocrx_word' id='word_1_230' title='bbox 804 2932 990 2988; x_wconf 88' lang='lat' dir='ltr'><strong>centuriones</strong></span> <span class='ocrx_word' id='word_1_231' title='bbox 1006 2937 1188 3003; x_wconf 90' lang='lat' dir='ltr'><strong>cunctosque</strong></span> <span class='ocrx_word' id='word_1_232' title='bbox 1202 2934 1350 3004; x_wconf 82' lang='lat' dir='ltr'><strong>principes</strong></span> <span class='ocrx_word' id='word_1_233' title='bbox 1366 2947 1468 2988; x_wconf 87' lang='lat' dir='ltr'><strong>eorum</strong></span> 
     </span>
     <span class='ocr_line' id='line_1_24' title="bbox 128 3032 1470 3107; baseline 0.001 -20"><span class='ocrx_word' id='word_1_234' title='bbox 128 3037 207 3107; x_wconf 79' lang='lat' dir='ltr'><strong>virgis</strong></span> <span class='ocrx_word' id='word_1_235' title='bbox 229 3035 337 3092; x_wconf 89' lang='lat' dir='ltr'><strong>cecidit</strong></span> <span class='ocrx_word' id='word_1_236' title='bbox 359 3035 516 3105; x_wconf 90' lang='lat' dir='ltr'><strong>securique</strong></span> <span class='ocrx_word' id='word_1_237' title='bbox 539 3034 693 3105; x_wconf 88' lang='lat' dir='ltr'><strong>percussit,</strong></span> <span class='ocrx_word' id='word_1_238' title='bbox 720 3048 822 3090; x_wconf 92' lang='lat' dir='ltr'><strong>servos</strong></span> <span class='ocrx_word' id='word_1_239' title='bbox 841 3032 1040 3104; x_wconf 87' lang='lat' dir='ltr'><strong>praedamque</strong></span> <span class='ocrx_word' id='word_1_240' title='bbox 1059 3049 1175 3091; x_wconf 90' lang='lat' dir='ltr'><strong>omnem</strong></span> <span class='ocrx_word' id='word_1_241' title='bbox 1197 3034 1252 3092; x_wconf 90' lang='lat' dir='ltr'>sub</span> <span class='ocrx_word' id='word_1_242' title='bbox 1269 3035 1350 3090; x_wconf 82' lang='lat' dir='ltr'><strong>besta</strong></span> <span class='ocrx_word' id='word_1_243' title='bbox 1367 3033 1470 3091; x_wconf 91' lang='lat' dir='ltr'><strong>vendi-</strong></span> 
     </span>
     <span class='ocr_line' id='line_1_25' title="bbox 129 3122 1464 3212; baseline 0.001 -20"><span class='ocrx_word' id='word_1_244' title='bbox 129 3137 172 3204; x_wconf 90' lang='lat' dir='ltr'><strong>dit,</strong></span> <span class='ocrx_word' id='word_1_245' title='bbox 190 3138 320 3208; x_wconf 89' lang='lat' dir='ltr'><strong>reliquos</strong></span> <span class='ocrx_word' id='word_1_246' title='bbox 334 3135 444 3194; x_wconf 91' lang='lat' dir='ltr'><strong>liberos</strong></span> <span class='ocrx_word' id='word_1_247' title='bbox 459 3135 578 3207; x_wconf 91' lang='lat' dir='ltr'><strong>quidem</strong></span> <span class='ocrx_word' id='word_1_248' title='bbox 601 3136 652 3193; x_wconf 90' lang='lat' dir='ltr'>sed</span> <span class='ocrx_word' id='word_1_249' title='bbox 675 3135 768 3193; x_wconf 89' lang='lat' dir='ltr'><strong>nudos</strong></span> <span class='ocrx_word' id='word_1_250' title='bbox 792 3141 820 3192; x_wconf 93' lang='lat' dir='ltr'>et</span> <span class='ocrx_word' id='word_1_251' title='bbox 842 3141 961 3208; x_wconf 86' lang='lat' dir='ltr'><strong>egentes</strong></span> <span class='ocrx_word' id='word_1_252' title='bbox 983 3135 1065 3192; x_wconf 91' lang='lat' dir='ltr'><strong>abire</strong></span> <span class='ocrx_word' id='word_1_253' title='bbox 1087 3122 1359 3212; x_wconf 85' lang='lat' dir='ltr'><strong>praecepit’(0ros.</strong></span> <span class='ocrx_word' id='word_1_254' title='bbox 1379 3128 1464 3212; x_wconf 77' lang='grc' dir='ltr'>116ς</span> 
     </span>
     <span class='ocr_line' id='line_1_26' title="bbox 129 3232 1469 3314; baseline -0.001 -20"><span class='ocrx_word' id='word_1_255' title='bbox 129 3239 161 3294; x_wconf 90' lang='grc'>61.</span> <span class='ocrx_word' id='word_1_256' title='bbox 182 3256 247 3312; x_wconf 83' lang='grc'>666.</span> <span class='ocrx_word' id='word_1_257' title='bbox 268 3232 334 3314; x_wconf 83' lang='grc'>16).</span> <span class='ocrx_word' id='word_1_258' title='bbox 352 3267 396 3280; x_wconf 89' lang='grc'>-</span> <span class='ocrx_word' id='word_1_259' title='bbox 411 3237 493 3295; x_wconf 71' lang='lat' dir='ltr'><strong>Anno</strong></span> <span class='ocrx_word' id='word_1_260' title='bbox 518 3238 630 3296; x_wconf 84' lang='grc'>66611</span> <span class='ocrx_word' id='word_1_261' title='bbox 653 3238 710 3294; x_wconf 86' lang='grc'>1661.</span> <span class='ocrx_word' id='word_1_262' title='bbox 729 3240 790 3294; x_wconf 90' lang='grc'>166.</span> <span class='ocrx_word' id='word_1_263' title='bbox 808 3239 963 3310; x_wconf 90' lang='lat' dir='ltr'><strong>Pompeius</strong></span> <span class='ocrx_word' id='word_1_264' title='bbox 986 3239 1087 3294; x_wconf 91' lang='grc'>666661</span> <span class='ocrx_word' id='word_1_265' title='bbox 1109 3253 1147 3294; x_wconf 83' lang='lat' dir='ltr'>ne</span> <span class='ocrx_word' id='word_1_266' title='bbox 1162 3251 1348 3295; x_wconf 75' lang='lat' dir='ltr'><strong>ascvtarrsrs</strong></span> <span class='ocrx_word' id='word_1_267' title='bbox 1362 3253 1469 3295; x_wconf 78' lang='lat' dir='ltr'><strong>ercem-</strong></span> 
     </span>
     <span class='ocr_line' id='line_1_27' title="bbox 127 3333 1470 3416; baseline 0.001 -22"><span class='ocrx_word' id='word_1_268' title='bbox 127 3353 205 3398; x_wconf 81' lang='lat' dir='ltr'><strong>rurvs</strong></span> <span class='ocrx_word' id='word_1_269' title='bbox 228 3341 419 3412; x_wconf 85' lang='lat' dir='ltr'><strong>triumphavit</strong></span> <span class='ocrx_word' id='word_1_270' title='bbox 438 3333 517 3416; x_wconf 79' lang='grc'>(6616</span> <span class='ocrx_word' id='word_1_271' title='bbox 536 3341 675 3412; x_wconf 90' lang='lat' dir='ltr'><strong>triumph.</strong></span> <span class='ocrx_word' id='word_1_272' title='bbox 694 3340 780 3412; x_wconf 91' lang='lat' dir='ltr'><strong>Corp.</strong></span> <span class='ocrx_word' id='word_1_273' title='bbox 798 3342 810 3396; x_wconf 97' lang='lat' dir='ltr'><strong>l</strong></span> <span class='ocrx_word' id='word_1_274' title='bbox 826 3357 856 3412; x_wconf 93' lang='lat' dir='ltr'>p.</span> <span class='ocrx_word' id='word_1_275' title='bbox 878 3333 963 3414; x_wconf 90' lang='grc'>160),</span> <span class='ocrx_word' id='word_1_276' title='bbox 990 3343 1097 3411; x_wconf 92' lang='lat' dir='ltr'><strong>inquo</strong></span> <span class='ocrx_word' id='word_1_277' title='bbox 1119 3340 1266 3412; x_wconf 90' lang='lat' dir='ltr'><strong>triumpho</strong></span> <span class='ocrx_word' id='word_1_278' title='bbox 1289 3342 1365 3396; x_wconf 93' lang='lat' dir='ltr'><strong>inter</strong></span> <span class='ocrx_word' id='word_1_279' title='bbox 1387 3345 1470 3396; x_wconf 91' lang='lat' dir='ltr'><strong>oete·</strong></span> 
     </span>
     <span class='ocr_line' id='line_1_28' title="bbox 127 3435 1469 3518; baseline -0.001 -19"><span class='ocrx_word' id='word_1_280' title='bbox 127 3459 169 3500; x_wconf 93' lang='lat' dir='ltr'>ros</span> <span class='ocrx_word' id='word_1_281' title='bbox 189 3445 220 3499; x_wconf 90' lang='lat' dir='ltr'>P.</span> <span class='ocrx_word' id='word_1_282' title='bbox 239 3444 391 3501; x_wconf 89' lang='lat' dir='ltr'><strong>Ventidius</strong></span> <span class='ocrx_word' id='word_1_283' title='bbox 413 3444 444 3498; x_wconf 90' lang='lat' dir='ltr'>P.</span> <span class='ocrx_word' id='word_1_284' title='bbox 463 3445 484 3500; x_wconf 89' lang='grc'>1.</span> <span class='ocrx_word' id='word_1_285' title='bbox 503 3459 577 3515; x_wconf 83' lang='grc'>6666</span> <span class='ocrx_word' id='word_1_286' title='bbox 597 3436 683 3518; x_wconf 85' lang='lat' dir='ltr'><strong>(haud</strong></span> <span class='ocrx_word' id='word_1_287' title='bbox 707 3442 796 3500; x_wconf 88' lang='lat' dir='ltr'><strong>dubie</strong></span> <span class='ocrx_word' id='word_1_288' title='bbox 818 3444 849 3499; x_wconf 90' lang='lat' dir='ltr'>P.</span> <span class='ocrx_word' id='word_1_289' title='bbox 865 3443 988 3499; x_wconf 83' lang='lat' dir='ltr'><strong>Ventidii</strong></span> <span class='ocrx_word' id='word_1_290' title='bbox 1013 3445 1155 3512; x_wconf 90' lang='lat' dir='ltr'><strong>praetoris</strong></span> <span class='ocrx_word' id='word_1_291' title='bbox 1177 3443 1268 3500; x_wconf 90' lang='lat' dir='ltr'><strong>italici</strong></span> <span class='ocrx_word' id='word_1_292' title='bbox 1290 3435 1375 3518; x_wconf 87' lang='grc'>111166)</span> <span class='ocrx_word' id='word_1_293' title='bbox 1402 3449 1469 3499; x_wconf 92' lang='grc'>6616</span> 
     </span>
     <span class='ocr_line' id='line_1_29' title="bbox 128 3537 1463 3621; baseline 0.001 -21"><span class='ocrx_word' id='word_1_294' title='bbox 128 3561 238 3603; x_wconf 88' lang='lat' dir='ltr'><strong>currum</strong></span> <span class='ocrx_word' id='word_1_295' title='bbox 260 3549 444 3619; x_wconf 91' lang='lat' dir='ltr'><strong>imperatoris</strong></span> <span class='ocrx_word' id='word_1_296' title='bbox 467 3549 533 3603; x_wconf 92' lang='lat' dir='ltr'><strong>sinu</strong></span> <span class='ocrx_word' id='word_1_297' title='bbox 554 3547 653 3603; x_wconf 88' lang='lat' dir='ltr'><strong>matris</strong></span> <span class='ocrx_word' id='word_1_298' title='bbox 676 3552 778 3602; x_wconf 88' lang='grc'>666166</span> <span class='ocrx_word' id='word_1_299' title='bbox 801 3552 845 3602; x_wconf 87' lang='grc'>661</span> <span class='ocrx_word' id='word_1_300' title='bbox 872 3540 956 3620; x_wconf 82' lang='grc'>(0611.</span> <span class='ocrx_word' id='word_1_301' title='bbox 979 3549 1027 3614; x_wconf 89' lang='grc'>16,</span> <span class='ocrx_word' id='word_1_302' title='bbox 1050 3549 1083 3614; x_wconf 89' lang='grc'>1;</span> <span class='ocrx_word' id='word_1_303' title='bbox 1115 3546 1185 3603; x_wconf 92' lang='lat' dir='ltr'><strong>Plin.</strong></span> <span class='ocrx_word' id='word_1_304' title='bbox 1212 3562 1242 3602; x_wconf 94' lang='lat' dir='ltr'>n.</span> <span class='ocrx_word' id='word_1_305' title='bbox 1261 3545 1291 3602; x_wconf 92' lang='lat' dir='ltr'>b.</span> <span class='ocrx_word' id='word_1_306' title='bbox 1313 3549 1329 3602; x_wconf 86' lang='grc'>1</span> <span class='ocrx_word' id='word_1_307' title='bbox 1354 3537 1463 3621; x_wconf 83' lang='grc'>1136;</span> 
     </span>
     <span class='ocr_line' id='line_1_30' title="bbox 129 3642 1469 3724; baseline 0.001 -24"><span class='ocrx_word' id='word_1_308' title='bbox 129 3647 273 3706; x_wconf 83' lang='grc'>1611166.</span> <span class='ocrx_word' id='word_1_309' title='bbox 294 3655 323 3718; x_wconf 83' lang='lat'>6,</span> <span class='ocrx_word' id='word_1_310' title='bbox 345 3653 373 3718; x_wconf 81' lang='lat'>9,</span> <span class='ocrx_word' id='word_1_311' title='bbox 396 3642 440 3722; x_wconf 85' lang='grc'>0),</span> <span class='ocrx_word' id='word_1_312' title='bbox 465 3655 565 3720; x_wconf 91' lang='lat' dir='ltr'><strong>postea</strong></span> <span class='ocrx_word' id='word_1_313' title='bbox 586 3642 623 3724; x_wconf 86' lang='lat' dir='ltr'><strong>(a.</strong></span> <span class='ocrx_word' id='word_1_314' title='bbox 644 3642 715 3723; x_wconf 86' lang='grc'>116)</span> <span class='ocrx_word' id='word_1_315' title='bbox 744 3651 806 3720; x_wconf 89' lang='lat' dir='ltr'><strong>ipse</strong></span> <span class='ocrx_word' id='word_1_316' title='bbox 829 3647 1059 3720; x_wconf 86' lang='lat' dir='ltr'><strong>triumphaturus</strong></span> <span class='ocrx_word' id='word_1_317' title='bbox 1082 3648 1118 3704; x_wconf 91' lang='lat' dir='ltr'>de</span> <span class='ocrx_word' id='word_1_318' title='bbox 1134 3647 1256 3705; x_wconf 90' lang='lat' dir='ltr'><strong>Parthis.</strong></span> <span class='ocrx_word' id='word_1_319' title='bbox 1284 3677 1322 3688; x_wconf 93' lang='lat'>-</span> <span class='ocrx_word' id='word_1_320' title='bbox 1347 3647 1469 3720; x_wconf 91' lang='lat' dir='ltr'><strong>Captum</strong></span> 
     </span>
     <span class='ocr_line' id='line_1_31' title="bbox 128 3749 1469 3823; baseline 0 -18"><span class='ocrx_word' id='word_1_321' title='bbox 128 3751 206 3821; x_wconf 87' lang='lat' dir='ltr'><strong>igitur</strong></span> <span class='ocrx_word' id='word_1_322' title='bbox 229 3751 370 3823; x_wconf 89' lang='lat' dir='ltr'><strong>oppidum</strong></span> <span class='ocrx_word' id='word_1_323' title='bbox 393 3758 439 3808; x_wconf 88' lang='lat' dir='ltr'>est</span> <span class='ocrx_word' id='word_1_324' title='bbox 460 3750 515 3808; x_wconf 87' lang='lat' dir='ltr'>sub</span> <span class='ocrx_word' id='word_1_325' title='bbox 538 3751 625 3806; x_wconf 85' lang='lat' dir='ltr'><strong>finem</strong></span> <span class='ocrx_word' id='word_1_326' title='bbox 649 3751 716 3806; x_wconf 90' lang='grc'>6661</span> <span class='ocrx_word' id='word_1_327' title='bbox 740 3753 799 3807; x_wconf 90' lang='grc'>666</span> <span class='ocrx_word' id='word_1_328' title='bbox 824 3750 920 3807; x_wconf 90' lang='lat' dir='ltr'><strong>biem&#39;e</strong></span> <span class='ocrx_word' id='word_1_329' title='bbox 943 3753 999 3807; x_wconf 90' lang='lat' dir='ltr'>iam</span> <span class='ocrx_word' id='word_1_330' title='bbox 1022 3753 1189 3821; x_wconf 88' lang='lat' dir='ltr'><strong>ingruente,</strong></span> <span class='ocrx_word' id='word_1_331' title='bbox 1221 3749 1350 3807; x_wconf 88' lang='lat' dir='ltr'><strong>obsideri</strong></span> <span class='ocrx_word' id='word_1_332' title='bbox 1371 3755 1469 3806; x_wconf 84' lang='lat' dir='ltr'><strong>autem</strong></span> 
     </span>
     <span class='ocr_line' id='line_1_32' title="bbox 129 3852 764 3925; baseline 0 -20"><span class='ocrx_word' id='word_1_333' title='bbox 129 3852 237 3910; x_wconf 85' lang='lat' dir='ltr'><strong>ridetur</strong></span> <span class='ocrx_word' id='word_1_334' title='bbox 259 3858 395 3925; x_wconf 87' lang='lat' dir='ltr'><strong>coeptum</strong></span> <span class='ocrx_word' id='word_1_335' title='bbox 425 3867 490 3909; x_wconf 89' lang='lat' dir='ltr'><strong>esse</strong></span> <span class='ocrx_word' id='word_1_336' title='bbox 512 3855 570 3908; x_wconf 82' lang='lat' dir='ltr'>iem</span> <span class='ocrx_word' id='word_1_337' title='bbox 592 3867 667 3909; x_wconf 91' lang='grc'>6666</span> <span class='ocrx_word' id='word_1_338' title='bbox 693 3855 764 3910; x_wconf 88' lang='grc'>661.</span> 
     </span>
    </p>

    <p class='ocr_par' dir='ltr' id='par_1_3' title="bbox 128 3953 1470 4540">
     <span class='ocr_line' id='line_1_33' title="bbox 206 3953 1469 4028; baseline 0 -17"><span class='ocrx_word' id='word_1_339' title='bbox 206 3956 249 4012; x_wconf 85' lang='lat' dir='ltr'><strong>lix</strong></span> <span class='ocrx_word' id='word_1_340' title='bbox 270 3955 327 4011; x_wconf 89' lang='lat' dir='ltr'>bac</span> <span class='ocrx_word' id='word_1_341' title='bbox 349 3953 483 4010; x_wconf 83' lang='lat' dir='ltr'><strong>diuturne</strong></span> <span class='ocrx_word' id='word_1_342' title='bbox 500 3953 598 4011; x_wconf 76' lang='lat' dir='ltr'><strong>Asculi</strong></span> <span class='ocrx_word' id='word_1_343' title='bbox 621 3953 757 4011; x_wconf 91' lang='lat' dir='ltr'><strong>obidione</strong></span> <span class='ocrx_word' id='word_1_344' title='bbox 780 3958 952 4026; x_wconf 89' lang='lat' dir='ltr'><strong>superstites</strong></span> <span class='ocrx_word' id='word_1_345' title='bbox 975 3963 1042 4012; x_wconf 90' lang='lat' dir='ltr'><strong>sunt</strong></span> <span class='ocrx_word' id='word_1_346' title='bbox 1063 3955 1194 4028; x_wconf 72' lang='grc'>6166666,</span> <span class='ocrx_word' id='word_1_347' title='bbox 1221 3972 1344 4028; x_wconf 89' lang='lat' dir='ltr'><strong>quarum</strong></span> <span class='ocrx_word' id='word_1_348' title='bbox 1367 3958 1469 4028; x_wconf 90' lang='lat' dir='ltr'><strong>ingens</strong></span> 
     </span>
     <span class='ocr_line' id='line_1_34' title="bbox 129 4055 1470 4131; baseline 0.004 -21"><span class='ocrx_word' id='word_1_349' title='bbox 129 4071 260 4114; x_wconf 88' lang='lat' dir='ltr'><strong>numerus</strong></span> <span class='ocrx_word' id='word_1_350' title='bbox 288 4055 330 4112; x_wconf 90' lang='lat' dir='ltr'>ibi</span> <span class='ocrx_word' id='word_1_351' title='bbox 357 4063 491 4128; x_wconf 87' lang='lat' dir='ltr'><strong>repertus</strong></span> <span class='ocrx_word' id='word_1_352' title='bbox 517 4061 561 4114; x_wconf 88' lang='lat' dir='ltr'>est</span> <span class='ocrx_word' id='word_1_353' title='bbox 587 4059 802 4129; x_wconf 87' lang='lat' dir='ltr'><strong>reperiturque.</strong></span> <span class='ocrx_word' id='word_1_354' title='bbox 850 4059 961 4116; x_wconf 90' lang='lat' dir='ltr'><strong>Paucae</strong></span> <span class='ocrx_word' id='word_1_355' title='bbox 983 4064 1137 4131; x_wconf 89' lang='lat' dir='ltr'><strong>praeterea</strong></span> <span class='ocrx_word' id='word_1_356' title='bbox 1159 4066 1235 4127; x_wconf 87' lang='lat' dir='ltr'><strong>sunt,</strong></span> <span class='ocrx_word' id='word_1_357' title='bbox 1263 4075 1339 4130; x_wconf 86' lang='lat' dir='ltr'><strong>quae</strong></span> <span class='ocrx_word' id='word_1_358' title='bbox 1362 4062 1392 4114; x_wconf 91' lang='lat' dir='ltr'><strong>in</strong></span> <span class='ocrx_word' id='word_1_359' title='bbox 1413 4075 1470 4116; x_wconf 92' lang='lat' dir='ltr'>no·</span> 
     </span>
     <span class='ocr_line' id='line_1_35' title="bbox 128 4158 1470 4236; baseline 0.004 -23"><span class='ocrx_word' id='word_1_360' title='bbox 128 4161 207 4215; x_wconf 92' lang='lat' dir='ltr'><strong>minis</strong></span> <span class='ocrx_word' id='word_1_361' title='bbox 236 4161 338 4216; x_wconf 91' lang='lat' dir='ltr'><strong>incerti</strong></span> <span class='ocrx_word' id='word_1_362' title='bbox 368 4159 476 4231; x_wconf 91' lang='lat' dir='ltr'><strong>oppido</strong></span> <span class='ocrx_word' id='word_1_363' title='bbox 506 4159 680 4227; x_wconf 86' lang='grc'>6661611666,</span> <span class='ocrx_word' id='word_1_364' title='bbox 705 4158 757 4216; x_wconf 92' lang='lat' dir='ltr'><strong>ubi</strong></span> <span class='ocrx_word' id='word_1_365' title='bbox 779 4175 858 4218; x_wconf 91' lang='grc'>6666</span> <span class='ocrx_word' id='word_1_366' title='bbox 882 4161 1032 4236; x_wconf 83' lang='lat' dir='ltr'><strong>Corropoti</strong></span> <span class='ocrx_word' id='word_1_367' title='bbox 1056 4163 1142 4218; x_wconf 90' lang='lat' dir='ltr'><strong>situm</strong></span> <span class='ocrx_word' id='word_1_368' title='bbox 1166 4167 1227 4231; x_wconf 91' lang='lat' dir='ltr'><strong>est,</strong></span> <span class='ocrx_word' id='word_1_369' title='bbox 1253 4167 1303 4218; x_wconf 91' lang='lat' dir='ltr'>aut</span> <span class='ocrx_word' id='word_1_370' title='bbox 1332 4164 1361 4218; x_wconf 93' lang='grc'>16</span> <span class='ocrx_word' id='word_1_371' title='bbox 1382 4163 1470 4218; x_wconf 85' lang='lat' dir='ltr'><strong>Firmi</strong></span> 
     </span>
     <span class='ocr_line' id='line_1_36' title="bbox 129 4260 1469 4335; baseline 0.002 -18"><span class='ocrx_word' id='word_1_372' title='bbox 129 4260 273 4320; x_wconf 89' lang='lat' dir='ltr'><strong>obsidione</strong></span> <span class='ocrx_word' id='word_1_373' title='bbox 296 4261 344 4318; x_wconf 92' lang='lat' dir='ltr'><strong>illa</strong></span> <span class='ocrx_word' id='word_1_374' title='bbox 367 4261 513 4318; x_wconf 89' lang='lat' dir='ltr'><strong>adhibitae</strong></span> <span class='ocrx_word' id='word_1_375' title='bbox 536 4277 600 4318; x_wconf 88' lang='grc'>6666</span> <span class='ocrx_word' id='word_1_376' title='bbox 623 4262 787 4319; x_wconf 88' lang='grc'>616666166.</span> <span class='ocrx_word' id='word_1_377' title='bbox 828 4263 1015 4320; x_wconf 87' lang='lat' dir='ltr'><strong>Characteres</strong></span> <span class='ocrx_word' id='word_1_378' title='bbox 1029 4265 1250 4335; x_wconf 86' lang='lat' dir='ltr'><strong>inscriptionum</strong></span> <span class='ocrx_word' id='word_1_379' title='bbox 1265 4263 1336 4320; x_wconf 93' lang='lat' dir='ltr'><strong>belli</strong></span> <span class='ocrx_word' id='word_1_380' title='bbox 1355 4265 1469 4321; x_wconf 90' lang='lat' dir='ltr'><strong>socialis</strong></span> 
     </span>
     <span class='ocr_line' id='line_1_37' title="bbox 128 4365 1467 4438; baseline 0.002 -21"><span class='ocrx_word' id='word_1_381' title='bbox 128 4368 245 4436; x_wconf 90' lang='lat' dir='ltr'><strong>tempori</strong></span> <span class='ocrx_word' id='word_1_382' title='bbox 266 4365 385 4421; x_wconf 92' lang='lat' dir='ltr'><strong>omnino</strong></span> <span class='ocrx_word' id='word_1_383' title='bbox 408 4367 585 4423; x_wconf 92' lang='grc'>6666661661</span> <span class='ocrx_word' id='word_1_384' title='bbox 607 4380 703 4436; x_wconf 88' lang='grc'>66666</span> <span class='ocrx_word' id='word_1_385' title='bbox 726 4365 755 4421; x_wconf 93' lang='grc'>16</span> <span class='ocrx_word' id='word_1_386' title='bbox 778 4379 878 4421; x_wconf 90' lang='lat' dir='ltr'><strong>earum</strong></span> <span class='ocrx_word' id='word_1_387' title='bbox 900 4371 1070 4437; x_wconf 91' lang='lat' dir='ltr'><strong>argumento</strong></span> <span class='ocrx_word' id='word_1_388' title='bbox 1087 4367 1244 4438; x_wconf 88' lang='lat' dir='ltr'><strong>quicquam</strong></span> <span class='ocrx_word' id='word_1_389' title='bbox 1267 4372 1371 4434; x_wconf 83' lang='grc'>666161,</span> <span class='ocrx_word' id='word_1_390' title='bbox 1389 4366 1467 4438; x_wconf 88' lang='grc'>6666</span> 
     </span>
     <span class='ocr_line' id='line_1_38' title="bbox 128 4465 1249 4540; baseline 0.005 -19"><span class='ocrx_word' id='word_1_391' title='bbox 128 4465 160 4521; x_wconf 91' lang='lat' dir='ltr'><strong>ab</strong></span> <span class='ocrx_word' id='word_1_392' title='bbox 182 4482 216 4524; x_wconf 96' lang='grc'>66</span> <span class='ocrx_word' id='word_1_393' title='bbox 238 4467 404 4536; x_wconf 79' lang='lat' dir='ltr'><strong>abhorreat,</strong></span> <span class='ocrx_word' id='word_1_394' title='bbox 432 4470 520 4525; x_wconf 89' lang='lat' dir='ltr'><strong>immo</strong></span> <span class='ocrx_word' id='word_1_395' title='bbox 543 4465 686 4538; x_wconf 87' lang='lat' dir='ltr'><strong>quaedam</strong></span> <span class='ocrx_word' id='word_1_396' title='bbox 708 4467 782 4524; x_wconf 88' lang='lat' dir='ltr'><strong>banc</strong></span> <span class='ocrx_word' id='word_1_397' title='bbox 805 4468 945 4540; x_wconf 89' lang='lat' dir='ltr'><strong>originem</strong></span> <span class='ocrx_word' id='word_1_398' title='bbox 968 4470 1045 4525; x_wconf 89' lang='grc'>61666</span> <span class='ocrx_word' id='word_1_399' title='bbox 1068 4470 1249 4540; x_wconf 83' lang='grc'>6666166166.</span> 
     </span>
    </p>

    <p class='ocr_par' dir='ltr' id='par_1_4' title="bbox 127 4569 1467 4743">
     <span class='ocr_line' id='line_1_39' title="bbox 206 4569 1467 4642; baseline 0 -18"><span class='ocrx_word' id='word_1_400' title='bbox 206 4571 406 4641; x_wconf 89' lang='lat' dir='ltr'><strong>interpretatio</strong></span> <span class='ocrx_word' id='word_1_401' title='bbox 436 4583 495 4626; x_wconf 92' lang='lat' dir='ltr'>non</span> <span class='ocrx_word' id='word_1_402' title='bbox 525 4584 685 4640; x_wconf 90' lang='lat' dir='ltr'><strong>paucarum</strong></span> <span class='ocrx_word' id='word_1_403' title='bbox 713 4571 822 4626; x_wconf 88' lang='lat' dir='ltr'><strong>incerta</strong></span> <span class='ocrx_word' id='word_1_404' title='bbox 854 4577 915 4640; x_wconf 91' lang='lat' dir='ltr'><strong>est,</strong></span> <span class='ocrx_word' id='word_1_405' title='bbox 941 4577 973 4628; x_wconf 92' lang='lat' dir='ltr'><strong>ut</strong></span> <span class='ocrx_word' id='word_1_406' title='bbox 1000 4576 1097 4627; x_wconf 90' lang='lat' dir='ltr'><strong>tarnem</strong></span> <span class='ocrx_word' id='word_1_407' title='bbox 1120 4575 1255 4642; x_wconf 91' lang='lat' dir='ltr'><strong>quattuor</strong></span> <span class='ocrx_word' id='word_1_408' title='bbox 1277 4569 1338 4624; x_wconf 90' lang='grc'>1666</span> <span class='ocrx_word' id='word_1_409' title='bbox 1360 4583 1467 4640; x_wconf 88' lang='lat' dir='ltr'><strong>genera</strong></span> 
     </span>
     <span class='ocr_line' id='line_1_40' title="bbox 127 4673 749 4743; baseline 0.006 -20"><span class='ocrx_word' id='word_1_410' title='bbox 127 4676 237 4738; x_wconf 88' lang='lat' dir='ltr'><strong>agnosci</strong></span> <span class='ocrx_word' id='word_1_411' title='bbox 261 4674 373 4743; x_wconf 89' lang='lat' dir='ltr'><strong>possint</strong></span> <span class='ocrx_word' id='word_1_412' title='bbox 394 4673 479 4729; x_wconf 90' lang='lat' dir='ltr'><strong>haec.</strong></span> <span class='ocrx_word' id='word_1_413' title='bbox 528 4673 660 4743; x_wconf 90' lang='lat' dir='ltr'><strong>inscripti</strong></span> <span class='ocrx_word' id='word_1_414' title='bbox 682 4677 749 4728; x_wconf 92' lang='lat' dir='ltr'><strong>sunt</strong></span> 
     </span>
    </p>
   </div>
   <div class='ocr_carea' id='block_1_3' title="bbox 130 4870 1467 5368">
    <p class='ocr_par' dir='ltr' id='par_1_5' title="bbox 192 4870 1448 4934">
     <span class='ocr_line' id='line_1_41' title="bbox 192 4870 1448 4934; baseline 0.003 -16"><span class='ocrx_word' id='word_1_415' title='bbox 192 4873 215 4920; x_wconf 91' lang='lat' dir='ltr'><strong>t.</strong></span> <span class='ocrx_word' id='word_1_416' title='bbox 236 4871 259 4934; x_wconf 79' lang='grc'>1)</span> <span class='ocrx_word' id='word_1_417' title='bbox 280 4872 326 4922; x_wconf 83' lang='lat' dir='ltr'>Sic</span> <span class='ocrx_word' id='word_1_418' title='bbox 344 4873 455 4923; x_wconf 86' lang='lat' dir='ltr'><strong>omnino</strong></span> <span class='ocrx_word' id='word_1_419' title='bbox 473 4873 660 4924; x_wconf 88' lang='lat' dir='ltr'><strong>scribendum.</strong></span> <span class='ocrx_word' id='word_1_420' title='bbox 698 4871 736 4921; x_wconf 90' lang='lat' dir='ltr'>De</span> <span class='ocrx_word' id='word_1_421' title='bbox 756 4870 1104 4932; x_wconf 80' lang='grc'>161666166166666.3,</span> <span class='ocrx_word' id='word_1_422' title='bbox 1128 4871 1161 4922; x_wconf 93' lang='grc'>66</span> <span class='ocrx_word' id='word_1_423' title='bbox 1181 4870 1305 4922; x_wconf 88' lang='lat' dir='ltr'><strong>Ventidio</strong></span> <span class='ocrx_word' id='word_1_424' title='bbox 1325 4870 1448 4923; x_wconf 87' lang='grc'>16166166.</span> 
     </span>
    </p>

    <p class='ocr_par' dir='ltr' id='par_1_6' title="bbox 192 4957 638 5024">
     <span class='ocr_line' id='line_1_42' title="bbox 192 4957 638 5024; baseline 0.013 -19"><span class='ocrx_word' id='word_1_425' title='bbox 192 4960 214 5018; x_wconf 84' lang='grc'>1)</span> <span class='ocrx_word' id='word_1_426' title='bbox 235 4957 330 5008; x_wconf 84' lang='lat' dir='ltr'><strong>Strabo</strong></span> <span class='ocrx_word' id='word_1_427' title='bbox 350 4962 374 5019; x_wconf 84' lang='grc'>6,</span> <span class='ocrx_word' id='word_1_428' title='bbox 391 4960 445 5019; x_wconf 86' lang='lat' dir='ltr'>t,a</span> <span class='ocrx_word' id='word_1_429' title='bbox 465 4972 493 5024; x_wconf 91' lang='lat' dir='ltr'>p.</span> <span class='ocrx_word' id='word_1_430' title='bbox 509 4962 554 5008; x_wconf 77' lang='grc'>111</span> <span class='ocrx_word' id='word_1_431' title='bbox 578 4959 638 5010; x_wconf 89' lang='lat' dir='ltr'><strong>Cas.</strong></span> 
     </span>
    </p>

    <p class='ocr_par' dir='ltr' id='par_1_7' title="bbox 192 5042 992 5109">
     <span class='ocr_line' id='line_1_43' title="bbox 192 5042 992 5109; baseline 0.001 -18"><span class='ocrx_word' id='word_1_432' title='bbox 192 5043 216 5102; x_wconf 90' lang='grc'>1)</span> <span class='ocrx_word' id='word_1_433' title='bbox 237 5043 304 5108; x_wconf 72' lang='lat' dir='ltr'><strong>App.</strong></span> <span class='ocrx_word' id='word_1_434' title='bbox 320 5048 344 5104; x_wconf 91' lang='lat' dir='ltr'><strong>t,</strong></span> <span class='ocrx_word' id='word_1_435' title='bbox 361 5045 407 5106; x_wconf 87' lang='grc'>17;</span> <span class='ocrx_word' id='word_1_436' title='bbox 429 5045 547 5106; x_wconf 79' lang='grc'>066611,</span> <span class='ocrx_word' id='word_1_437' title='bbox 564 5048 595 5094; x_wconf 85' lang='grc'>16</span> <span class='ocrx_word' id='word_1_438' title='bbox 613 5042 681 5109; x_wconf 86' lang='grc'>117,</span> <span class='ocrx_word' id='word_1_439' title='bbox 703 5042 759 5092; x_wconf 84' lang='grc'>116.</span> <span class='ocrx_word' id='word_1_440' title='bbox 781 5056 839 5108; x_wconf 89' lang='lat' dir='ltr'><strong>per.</strong></span> <span class='ocrx_word' id='word_1_441' title='bbox 854 5045 886 5092; x_wconf 86' lang='lat' dir='ltr'>rt</span> <span class='ocrx_word' id='word_1_442' title='bbox 905 5044 992 5109; x_wconf 91' lang='lat' dir='ltr'><strong>princ.</strong></span> 
     </span>
    </p>

    <p class='ocr_par' dir='ltr' id='par_1_8' title="bbox 130 5127 1467 5279">
     <span class='ocr_line' id='line_1_44' title="bbox 193 5127 1467 5195; baseline 0.002 -18"><span class='ocrx_word' id='word_1_443' title='bbox 193 5129 215 5191; x_wconf 83' lang='lat' dir='ltr'>s)</span> <span class='ocrx_word' id='word_1_444' title='bbox 237 5129 291 5180; x_wconf 83' lang='lat' dir='ltr'><strong>liv.</strong></span> <span class='ocrx_word' id='word_1_445' title='bbox 307 5143 365 5195; x_wconf 91' lang='lat' dir='ltr'><strong>per.</strong></span> <span class='ocrx_word' id='word_1_446' title='bbox 380 5131 494 5181; x_wconf 88' lang='grc'>610666.</span> <span class='ocrx_word' id='word_1_447' title='bbox 510 5129 549 5191; x_wconf 86' lang='grc'>11.;</span> <span class='ocrx_word' id='word_1_448' title='bbox 569 5129 604 5180; x_wconf 90' lang='grc'>61.</span> <span class='ocrx_word' id='word_1_449' title='bbox 619 5127 688 5180; x_wconf 83' lang='lat' dir='ltr'><strong>Veli.</strong></span> <span class='ocrx_word' id='word_1_450' title='bbox 701 5133 727 5190; x_wconf 76' lang='grc'>1,</span> <span class='ocrx_word' id='word_1_451' title='bbox 743 5132 785 5190; x_wconf 92' lang='grc'>16,</span> <span class='ocrx_word' id='word_1_452' title='bbox 802 5131 825 5189; x_wconf 90' lang='grc'>1,</span> <span class='ocrx_word' id='word_1_453' title='bbox 840 5141 898 5195; x_wconf 89' lang='lat' dir='ltr'><strong>per.</strong></span> <span class='ocrx_word' id='word_1_454' title='bbox 911 5133 953 5188; x_wconf 77' lang='lat' dir='ltr'>tt,</span> <span class='ocrx_word' id='word_1_455' title='bbox 974 5127 1132 5194; x_wconf 78' lang='grc'>0666116.</span> <span class='ocrx_word' id='word_1_456' title='bbox 1163 5129 1383 5181; x_wconf 79' lang='grc'>06661666661666</span> <span class='ocrx_word' id='word_1_457' title='bbox 1394 5142 1467 5180; x_wconf 84' lang='lat' dir='ltr'><strong>mce-</strong></span> 
     </span>
     <span class='ocr_line' id='line_1_45' title="bbox 130 5213 1369 5279; baseline 0.002 -18"><span class='ocrx_word' id='word_1_458' title='bbox 130 5215 335 5266; x_wconf 77' lang='grc'>6606611616</span> <span class='ocrx_word' id='word_1_459' title='bbox 354 5215 427 5267; x_wconf 86' lang='lat' dir='ltr'><strong>baud</strong></span> <span class='ocrx_word' id='word_1_460' title='bbox 446 5215 528 5267; x_wconf 87' lang='lat' dir='ltr'><strong>dubie</strong></span> <span class='ocrx_word' id='word_1_461' title='bbox 548 5217 718 5276; x_wconf 83' lang='lat' dir='ltr'><strong>memoravit,</strong></span> <span class='ocrx_word' id='word_1_462' title='bbox 738 5215 787 5266; x_wconf 88' lang='lat' dir='ltr'>sed</span> <span class='ocrx_word' id='word_1_463' title='bbox 806 5215 955 5264; x_wconf 88' lang='grc'>666661166</span> <span class='ocrx_word' id='word_1_464' title='bbox 974 5214 1048 5278; x_wconf 91' lang='grc'>6666</span> <span class='ocrx_word' id='word_1_465' title='bbox 1067 5227 1131 5265; x_wconf 82' lang='lat' dir='ltr'><strong>cunr</strong></span> <span class='ocrx_word' id='word_1_466' title='bbox 1149 5227 1222 5279; x_wconf 80' lang='lat' dir='ltr'><strong>segis</strong></span> <span class='ocrx_word' id='word_1_467' title='bbox 1239 5213 1369 5266; x_wconf 90' lang='grc'>66616611.</span> 
     </span>
    </p>

    <p class='ocr_par' dir='ltr' id='par_1_9' title="bbox 193 5299 661 5368">
     <span class='ocr_line' id='line_1_46' title="bbox 193 5299 661 5368; baseline 0.006 -21"><span class='ocrx_word' id='word_1_468' title='bbox 193 5301 217 5360; x_wconf 90' lang='grc'>6)</span> <span class='ocrx_word' id='word_1_469' title='bbox 237 5299 402 5366; x_wconf 85' lang='grc'>0666.118;</span> <span class='ocrx_word' id='word_1_470' title='bbox 423 5304 492 5368; x_wconf 81' lang='lat' dir='ltr'><strong>App.</strong></span> <span class='ocrx_word' id='word_1_471' title='bbox 508 5306 532 5362; x_wconf 91' lang='grc'>1,</span> <span class='ocrx_word' id='word_1_472' title='bbox 549 5303 661 5352; x_wconf 76' lang='grc'>166616.</span> 
     </span>
    </p>
   </div>
   <div class='ocr_carea' id='block_1_4' title="bbox 0 0 1856 5962">
    <p class='ocr_par' dir='ltr' id='par_1_10' title="bbox 0 0 1856 5962">
     <span class='ocr_line' id='line_1_47' title="bbox 0 0 1856 5962; baseline 0 0"><span class='ocrx_word' id='word_1_473' title='bbox 0 0 1856 5962; x_wconf 95' lang='lat' dir='ltr'> </span> 
     </span>
    </p>
   </div>
  </div>
 </body>
</html>
