3776 5966
1006 2000 1050 2069 V.

719 2153 983 2244 GLANDES
1022 2153 1339 2245 PERVSINAE

839 2313 876 2392 (a.
895 2332 927 2374 u.
946 2333 974 2374 o.
994 2312 1055 2373 tta
1080 2322 1112 2374 et
1134 2311 1223 2390 itt).

354 2444 418 2602 P
420 2543 524 2610 erusia‚
544 2540 683 2613 oppidum
695 2547 797 2597 natura
812 2541 942 2598 locorum
954 2545 983 2596 et
997 2555 1084 2596 manu
1095 2542 1248 2608 munitum,
1268 2556 1335 2597 oum
1350 2556 1426 2596 anno
1440 2544 1499 2597 743
1513 2540 1545 2597 1..
1557 2539 1699 2599 Antonius

355 2659 416 2701 cos.
442 2660 509 2700 oum
539 2643 636 2700 Fulvia
665 2643 704 2699 bi.
731 2643 828 2700 iratris
854 2658 946 2700 uxore
973 2657 1009 2700 eo
1037 2658 1070 2699 se
1100 2646 1274 2715 recepisset,
1308 2645 1433 2715 primum
1458 2642 1498 2700 'ab
1521 2642 1647 2717 Agrippa
1670 2651 1700 2703 et

353 2746 517 2804 Salvidieno
539 2747 612 2803 iluio
647 2739 707 2818 (qui
728 2746 894 2816 Hispaniam
923 2751 1028 2818 petens
1054 2761 1122 2802 oum
1144 2762 1195 2802 sex
1222 2745 1384 2817 legionibus
1406 2745 1443 2802 ab
1466 2744 1624 2806 Octaviano
1647 2765 1698 2805 re·

352 2855 475 2907 vocatus
497 2842 583 2925 erat),
632 2848 737 2905 deinde
759 2848 797 2906 ab
826 2851 889 2920 ipso
912 2863 1031 2919 quoque
1053 2849 1176 2906 Caesare
1199 2847 1353 2906 obsessum
1376 2855 1428 2905 est.
1474 2849 1588 2908 Deditio
1615 2851 1699 2908 lamis

352 2954 526 3008 necessitate
547 2952 620 3007 lacta
639 2958 683 3008 est
704 2953 771 3008 anni
789 2954 848 3007 tii
872 2953 1027 3023 principio,
1053 2951 1150 3023 paullo
1165 2957 1231 3008 ante
1246 2951 1311 3010 idus
1324 2954 1441 3010 blarties
1461 2947 1594 3028 [Appian.
1610 2957 1640 3022 5,
1658 2957 1696 3011 ts

353 3061 382 3111 et
404 3053 522 3112 Sueton.
542 3052 616 3125 Aug.
639 3047 701 3128 to),
734 3053 830 3109 hieme
860 3053 988 3111 nondum
1014 3053 1092 3110 linita
1126 3049 1210 3128 (App.
1238 3058 1266 3120 5,
1289 3050 1354 3130 tr).
1401 3057 1433 3110 ln
1461 3055 1517 3112 hao
1545 3054 1697 3113 obsidione

352 3155 496 3213 adhibitas
525 3171 590 3213 esse
618 3155 738 3232 glandes
766 3156 874 3212 diserte
904 3163 934 3213 et
954 3155 1104 3227 appianus
1131 3157 1218 3213 tradit
1241 3161 1270 3226 5,
1291 3161 1329 3214 85
1359 3151 1520 3232 (Antoniani
1549 3145 1698 3235 ἠμύνοντο

350 3253 448 3326 λίθοις
479 3251 531 3317 καὶ
558 3246 720 3336 τοξεύμασι
741 3249 793 3315 καὶ
825 3252 1037 3338 μολυβδίναις,
1072 3260 1110 3316 ol.
1137 3264 1166 3329 5,
1188 3263 1245 3316 ³3:
1276 3247 1423 3336 ἀμύνοντα
1452 3251 1505 3336 μὲν
1532 3247 1697 3337 ἀμεινόνων

347 3348 446 3420 ὄντων
478 3357 537 3418 τῶν
568 3351 723 3439 Καίσαρος
756 3353 983 3438 συμπλέκεσθαι
1016 3354 1049 3418 δὲ
1081 3346 1137 3420 τῶν
1165 3355 1293 3419 Λευκίου
1327 3351 1517 3441 μονομάχων)
1557 3369 1586 3419 et
1620 3362 1699 3420 olare

350 3471 492 3522 testantur
506 3464 625 3535 glandes
647 3465 737 3536 ipsae,
758 3479 833 3536 quae
856 3467 885 3520 iu
907 3465 957 3522 illo
972 3467 1117 3522 territorio
1139 3466 1263 3536 reperiri
1285 3465 1389 3522 solent.
1436 3465 1597 3522 blemorant
1620 3467 1697 3522 enim

350 3569 453 3626 Divom
476 3567 579 3623 iulium
603 3571 654 3624 tt.
680 3570 730 3635 ta,
757 3567 795 3621 li.
820 3565 975 3623 Antonium
999 3572 1051 3625 52.
1071 3564 1141 3637 sai,
1174 3569 1205 3624 L.
1231 3566 1386 3625 Antonium
1406 3552 1543 3625 ‘calvum'
1566 3571 1616 3626 ot.
1642 3571 1693 3638 55,

350 3671 479 3727 Farlviam
504 3671 564 3728 stt
588 3668 647 3726 osi
671 3673 722 3726 55.
750 3673 804 3738 65,
831 3669 864 3726 (i.
889 3669 1043 3726 Caesarem
1067 3674 1105 3728 ot
1129 3671 1347 3727 —Caesarem
1372 3675 1410 3727 63
1440 3664 1533 3746 (imp.)
1563 3675 1614 3728 55.
1641 3674 1693 3739 57,

350 3770 503 3830 Octavium
526 3775 577 3828 ot.
605 3775 661 3840 58,
696 3765 927 3848 Octavia(oumi)
956 3777 1008 3832 58.
1039 3801 1083 3812 -
1117 3767 1159 3842 (Q.
1177 3765 1382 3848 Salvidienum)
1416 3773 1520 3829 Rulrrm
1549 3775 1620 3844 imp.
1640 3777 1692 3830 58.

349 3874 392 3931 lo
416 3875 522 3930 tamem
537 3871 724 3931 obsessorum
746 3875 871 3945 pertinet
887 3879 938 3932 at.
982 3875 1138 3946 Plerosque
1160 3891 1226 3932 esse
1241 3875 1478 3932 caesarianorum
1500 3875 1573 3932 inira
1596 3881 1697 3932 osten-

349 3978 447 4044 detur;
475 3977 563 4047 idque
587 3977 722 4032 convenit
748 3971 832 4054 (siout
852 3979 1047 4035 liommsenus
1070 3979 1154 4051 Corp.
1173 3980 1185 4034 l
1207 3994 1238 4050 p.
1260 3982 1317 4034 tea
1343 3971 1463 4053 monuit)
1490 3993 1558 4034 oum
1572 3975 1696 4049 appiani

349 4080 517 4136 testimonio
539 4095 627 4150 supra
649 4086 819 4137 memorato.

434 4181 545 4251 Quibus
573 4183 710 4239 territorii
744 4181 874 4239 Perusini
908 4183 981 4240 iocis
1002 4187 1138 4241 iuventee
1166 4185 1241 4252 sint,
1280 4197 1339 4239 non
1368 4188 1470 4240 notum
1500 4189 1545 4239 est
1573 4183 1627 4238 nisi
1658 4182 1696 4238 de

349 4289 387 4342 85
406 4301 428 4340 1.
447 4299 471 4340 ν.
507 4287 545 4340 87
564 4300 586 4340 ι.
602 4298 630 4355 ι,
665 4282 716 4340 ubi
748 4288 811 4340 eius
840 4288 882 4341 rei
911 4287 1050 4344 memoria
1081 4285 1193 4342 comitis
1220 4284 1419 4341 liossi-Sootti
1448 4287 1551 4342 merito
1581 4289 1696 4340 servata

348 4392 402 4442 est.
450 4384 557 4443 Omnes
580 4389 687 4455 autem,
717 4401 790 4457 quas
812 4388 886 4444 inira
910 4389 1044 4454 exhibui,
1079 4389 1231 4444 Perusinas
1254 4402 1330 4454 esse,
1358 4390 1444 4444 etiam
1467 4403 1592 4459 quarum
1614 4388 1696 4458 origo

346 4503 405 4545 non
428 4489 536 4546 diserte
559 4488 683 4545 indicata
706 4495 760 4558 est,
787 4490 834 4545 vel
856 4506 909 4562 per
931 4506 964 4545 se
994 4496 1114 4562 apparet
1136 4490 1181 4545 vel
1205 4489 1321 4546 aliunde
1349 4489 1539 4562 probabiliter
1561 4488 1697 4546 concludi

347 4597 458 4663 potest3
492 4605 538 4646 er.
564 4606 607 4661 gr.
634 4590 753 4661 glandes
776 4591 982 4647 Guardabassii
1011 4585 1145 4666 (exclusis
1173 4592 1250 4648 salsis
1272 4591 1450 4663 quibusdam
1471 4590 1626 4648 Asculanis
1649 4594 1696 4646 in-

349 4695 436 4764 cusis)
470 4694 537 4749 hino
562 4698 760 4765 provenerunt
782 4707 900 4762 omnes,
935 4696 1063 4766 itemque
1093 4701 1213 4766 excepta
1235 4693 1378 4752 Asculano
1400 4711 1458 4751 una
1486 4687 1552 4768 (rin)
1579 4709 1693 4762 omnes,

349 4797 477 4868 quaein
499 4811 600 4852 museo
623 4795 762 4851 Perusino
785 4794 904 4865 publico
927 4797 1131 4865 asservantur;
1166 4812 1264 4853 oomes
1286 4803 1383 4854 autem
1406 4795 1612 4865 ilossi-Seotti,
1645 4799 1697 4866 qui

347 4905 376 4954 et
397 4896 558 4954 Asoulanas
588 4904 617 4954 et
638 4898 791 4954 Perusinas
818 4897 949 4967 possidet
982 4892 1094 4974 (earum
1122 4899 1277 4956 nonnullas
1300 4915 1336 4955 ex
1358 4900 1464 4956 liinioii
1487 4914 1589 4956 museo
1612 4891 1692 4974 emit)

344 4998 454 5071 ubique
477 5001 618 5071 originem
642 5000 799 5058 adnotavit.

432 5103 591 5174 Pleraeque
620 5100 695 5158 bene
728 5103 910 5159 acuminaiae
948 5109 1015 5158 sunt
1045 5105 1191 5173 utrimque
1226 5103 1368 5174 binasque
1399 5105 1544 5174 margines
1572 5102 1693 5172 habent,

346 5204 501 5262 nonnullae
526 5204 646 5261 Graecis
675 5205 829 5262 similiores
859 5203 1038 5274 marginibus
1068 5212 1167 5261 carent
1190 5207 1279 5262 etita
1302 5205 1474 5262 rotundatas
1497 5213 1581 5274 sunt,
1617 5211 1649 5261 ut
1670 5205 1696 5260 si

343 5321 397 5378 per
429 5307 611 5363 latitudinem
640 5307 752 5363 medias
780 5323 877 5374 seces,
913 5305 993 5364 orbis
1023 5306 1084 5362 lere
1112 5307 1203 5377 ligura
1226 5307 1341 5364 evadat.
1373 5337 1416 5346 -
1447 5307 1565 5376 Aliquot
1595 5321 1696 5362 earum
