3776 5966
344 553 392 624 28
825 564 1208 616 6666666666666666

344 776 462 834 quoque
490 761 621 833 peditum
644 759 747 816 decem
770 761 846 816 milia
868 759 996 816 adfuisse
1019 758 1121 816 scribit
1141 756 1290 831 Appianus
1317 753 1357 832 (b.
1377 775 1404 816 c.
1427 763 1455 826 l,
1477 752 1525 834 ln]
1554 757 1692 830 idemque

343 862 380 919 de
403 864 515 920 auxiliis
536 863 701 919 italicorum
724 862 857 931 Gallicis,
891 861 1028 918 mercede
1058 860 1209 918 conductis
1236 860 1431 932 Transalpinis
1459 863 1572 933 opinor,
1604 863 1692 933 paulo

343 973 409 1036 post
431 963 522 1021 rerba
545 964 612 1021 iacit
637 960 679 1040 (b.
698 982 725 1022 c.
747 971 775 1033 4,
792 959 858 1034 60).
891 965 989 1021 Utrius
1011 967 1098 1036 igitur
1118 965 1207 1035 partis
1230 963 1378 1020 Gallomm
1401 964 1455 1019 hae
1477 963 1597 1035 glandes
1620 965 1688 1031 sint,

343 1084 401 1125 non
424 1053 557 1124 constat.'
603 1069 680 1124 llaec
696 1069 891 1126 Mommsenus
914 1070 972 1124 vol.
992 1069 1003 1122 l
1026 1068 1063 1123 ad
1085 1083 1114 1122 n.
1136 1069 1208 1123 654.

346 1295 385 1362 17
406 1300 458 1378 [=
474 1306 559 1378 Corp.
579 1306 621 1361 lX
643 1323 673 1363 n.
694 1311 787 1376 6986,
806 1300 878 1382 xvir]
924 1313 932 1363 4
962 1309 1042 1377 origo
1072 1322 1130 1362 non
1156 1306 1287 1362 traditur.
1313 1335 1356 1344 -
1384 1307 1462 1363 luter
1482 1305 1554 1363 belli
1576 1308 1693 1364 socialis

429 1408 549 1478 glandes
579 1409 698 1466 exbibet
722 1423 819 1467 nime.
857 1403 897 1484 [in
925 1424 1025 1465 museo
1052 1407 1240 1480 Neapolitano
1270 1424 1299 1464 6.
1321 1413 1359 1465 56
1379 1430 1422 1456 =
1446 1402 1529 1484 494),
1582 1410 1693 1466 Pendet

434 1513 507 1578 46,5
531 1525 577 1580 gr.

388 1617 403 1669 4
435 1614 516 1684 origo
549 1629 607 1670 nou
636 1613 759 1670 traditur
791 1607 870 1690 [clim
900 1612 1062 1684 Saulangeli
1092 1629 1120 1668 n.
1151 1615 1178 1680 4,
1211 1613 1341 1669 nuncin
1370 1629 1472 1671 museo
1502 1593 1692 1685 Neapolitano

428 1710 586 1790 64124).
634 1716 744 1774 Pendet
768 1720 805 1774 46
829 1734 887 1789 gr.‚
914 1715 1044 1787 robigine
1067 1715 1205 1786 subnigra
1227 1719 1385 1772 incrustata
1408 1721 1464 1772 est.

730 2088 731 2091 w
827 1911 1067 2216 iim

347 2881 378 2931 l:
406 2873 477 2930 Tab.
497 2872 534 2928 lll
556 2879 584 2930 8.
636 2873 784 2944 Descripsi
813 2878 846 2928 ut
874 2889 963 2944 supra
993 2875 1221 2945 repraesentavi.
1252 2904 1295 2915 -
1324 2875 1440 2933 Piorelli
1471 2877 1564 2934 Calai.
1590 2896 1621 2951 p.
1655 2883 1688 2934 44

385 2994 415 3033 6.
438 2980 512 3034 iili:
556 2975 777 3031 666646614664
806 2973 843 3029 ad
872 2976 1020 3046 exemplar
1048 2978 1244 3049 inscriptionis
1272 2992 1352 3047 reat-3
1388 2985 1417 3035 at
1443 2996 1478 3036 ea
1501 2981 1606 3038 ficticia
1628 2989 1689 3038 est:

384 3080 451 3136 vide
474 3079 573 3135 falsam
596 3094 626 3134 6.
647 3075 691 3134 3⁴³.
717 3106 760 3116 -
783 3077 912 3134 Eandem
939 3077 1071 3135 exhiberi
1094 3082 1206 3138 conicio
1228 3099 1245 3136 a
1267 3083 1383 3139 Minicio
1404 3089 1426 3139 t.
1446 3083 1470 3138 11
1496 3087 1545 3152 li,
1579 3099 1608 3154 ρ.
1629 3091 1692 3144 202

384 3189 413 3239 el
437 3186 496 3240 442
534 3173 611 3258 (inde
634 3180 742 3237 llitschl
765 3180 862 3236 t.Vlll
882 3185 918 3238 49
950 3187 979 3238 64
1007 3183 1167 3238 Mommsen
1196 3183 1253 3240 vol.
1279 3186 1292 3240 l
1314 3202 1343 3241 n.
1365 3189 1424 3243 674
1456 3187 1533 3258 ligno
1556 3180 1625 3260 466.)
1660 3190 1692 3244 46

383 3286 458 3343 tab:
491 3289 585 3352 tage,
620 3285 649 3339 in
672 3298 779 3340 comm.
805 3301 835 3355 p.
856 3288 931 3342 ila:
958 3275 1047 3345 64166
1076 3277 1145 3358 (een
1173 3286 1328 3360 legendum
1358 3288 1424 3346 lori.
1456 3305 1520 3346 esse
1550 3287 1689 3367 666666).

383 3389 447 3445 Non
478 3393 558 3444 recte
587 3400 648 3444 ran
679 3385 747 3458 legit
777 3368 978 3443 Gamurri'nius
1007 3389 1084 3444 14644.
1110 3387 1176 3445 deli'
1191 3392 1261 3446 inst.
1283 3395 1363 3449 4868
1390 3409 1421 3464 p.
1444 3394 1501 3450 489
1532 3410 1587 3450 666
1617 3411 1694 3466 pro-

385 3494 511 3551 babilius
534 3495 644 3566 putavit
666 3492 741 3549 male
765 3492 939 3563 descriptam
963 3509 1028 3548 esse
1050 3509 1103 3564 pro
1127 3507 1214 3550 onxo
1243 3487 1320 3570 (vide
1335 3501 1464 3552 nostram
1485 3511 1515 3550 6.
1536 3493 1585 3572 34)
1614 3497 1693 3555 Gar-

321 3605 325 3620 ·
386 3599 504 3654 6666466
527 3595 598 3668 Syll.
616 3611 646 3651 n.
668 3598 741 3652 940.

343 3707 377 3758 2:
404 3699 476 3757 Tab.
494 3700 531 3755 lll
552 3703 600 3755 lo.
640 3698 789 3769 Descripsi
806 3703 836 3753 ut
858 3713 945 3769 supra
968 3701 1195 3770 repraesentavi.
1222 3728 1265 3739 -
1287 3698 1415 3755 Eandem
1431 3702 1534 3771 opinor
1549 3703 1694 3771 significat

384 3803 561 3860 Garruccius
576 3800 646 3872 Syll.
661 3816 692 3854 6.
709 3803 769 3858 914
794 3801 824 3854 46
844 3814 902 3855 666
919 3816 955 3856 ex
970 3799 1186 3872 Santangelanis
1209 3813 1271 3856 cat
1293 3802 1464 3873 inscriptum
1480 3817 1546 3858 esse
1566 3809 1689 3860 testans.

427 3939 559 3994 Minicius
581 3942 731 4009 praeterea
753 3935 814 3992 tab.
834 3937 857 3991 11
885 3941 933 4004 49,
959 3954 990 4008 p.
1012 3942 1070 3994 202
1099 3932 1174 4011 (inde
1191 3937 1299 3994 liitscbl
1321 3939 1422 3994 411111
1449 3943 1503 4005 48;
1530 3941 1692 3998 Mommsen

341 4041 398 4098 vol.
418 4043 475 4096 16.
496 4044 575 4108 6553
603 4039 743 4096 Garruoci
766 4037 837 4109 Syll.
863 4055 894 4094 n.
912 4034 981 4116 948)
1004 4041 1114 4111 origine
1130 4041 1178 4096 vel
1193 4056 1294 4098 museo
1314 4057 1372 4098 non
1394 4050 1553 4099 memorato
1573 4043 1694 4102 exhibet

340 4143 490 4216 glandem:
528 4154 630 4198 6666.
677 4140 733 4197 Sed
765 4140 827 4195 44664
849 4147 953 4212 potest,
984 4149 1017 4198 ut
1039 4157 1097 4199 non
1120 4145 1157 4198 sit
1181 4144 1236 4198 nisi
1259 4143 1458 4215 apographum
1481 4147 1576 4202 miuus
1598 4161 1693 4202 accu-

341 4253 434 4302 ratum
457 4243 588 4301 eiusdem
612 4244 697 4300 huius
723 4248 756 4311 l;
792 4249 871 4300 certe
894 4245 923 4300 in
939 4260 1044 4301 comm.
1063 4261 1094 4316 p.
1115 4251 1173 4303 249
1198 4253 1315 4318 praeter
1329 4247 1490 4318 Lipsianam
1514 4262 1573 4303 666
1595 4249 1691 4305 solum

339 4351 425 4406 liuius
448 4349 643 4420 inscriptionis
659 4346 823 4418 exemplum
838 4355 979 4405 memorat
1000 4347 1070 4404 illud
1093 4340 1192 4416 614446,
1219 4349 1298 4420 quod
1321 4365 1355 4406 ex
1379 4356 1475 4407 nostra
1502 4354 1512 4406 4
1534 4353 1691 4422 repetitum

341 4469 407 4509 esse
430 4467 518 4522 supra
542 4452 664 4509 conieci.

425 4555 583 4626 Utriusque
598 4552 711 4626 glandis
733 4551 882 4622 inscriptio
900 4550 1025 4608 6444464146
1040 4559 1084 4608 664
1106 4552 1254 4620 166446646;
1281 4553 1332 4609 666
1357 4553 1432 4610 hanc
1456 4568 1539 4610 tovi
1561 4555 1691 4628 diligenti

340 4659 471 4714 examine
498 4663 644 4728 repertam
670 4656 739 4710 satis
770 4659 880 4710 certam
903 4655 1046 4711 existimo.
1094 4655 1174 4712 Prior
1197 4671 1211 4711 ι
1233 4657 1326 4727 magis
1349 4657 1511 4714 acuminata
1535 4665 1578 4714 est
1600 4675 1690 4731 quam

339 4761 444 4827 altera;
471 4775 492 4814 Α
514 4776 614 4818 errore
637 4757 720 4815 iacile
743 4772 779 4812 ex
801 4756 893 4812 forma
915 4761 995 4813 retro
1017 4756 1203 4814 inscribenda
1226 4758 1398 4831 explicando
1421 4760 1536 4816 inversa
1559 4768 1613 4818 664.

425 4862 488 4917 Η66
517 4863 614 4919 6644614
643 4866 815 4932 propterea,
853 4858 930 4930 quod
967 4858 1192 4930 Saniangelanae
1228 4853 1312 4933 (inter
1344 4877 1418 4933 quas
1447 4869 1491 4919 est
1521 4859 1548 4938 2)
1587 4880 1690 4922 omnes

338 4963 500 5022 Asculanae
530 4965 576 5021 vel
606 4971 686 5020 cerie
715 4963 837 5020 Picenae
867 4969 950 5032 sunt,
985 4963 1074 5020 altera
1104 4968 1200 5019 autem
1229 4957 1268 5041 (4)
1309 4963 1378 5022 huic
1408 4967 1552 5022 simillima
1581 4973 1625 5024 est
1654 4985 1690 5026 ac

338 5069 461 5125 fortasse
484 5067 556 5124 adeo
580 5083 616 5123 66
638 5067 740 5122 eadem
763 5067 854 5122 forma
877 5067 1020 5136 provenit.
1062 5067 1124 5122 Huc
1139 5067 1281 5124 accedere
1304 5068 1420 5125 videtur
1442 5068 1519 5141 quod
1543 5071 1686 5142 MiniciuS,

339 5172 363 5226 64
391 5177 488 5226 tamen
518 5171 566 5226 ille
590 5171 668 5226 banc
702 5173 711 5224 l
747 5167 853 5238 edidit,
886 5171 962 5225 inter
984 5168 1105 5241 glandes
1135 5169 1204 5226 belli
1231 5171 1346 5228 socialis
1377 5171 1512 5238 exhibet3
1546 5172 1598 5229 sed
1627 5175 1691 5231 lieri

341 5280 446 5346 potest,
473 5273 557 5329 ulid
580 5272 682 5330 collata
705 5288 735 5327 n.
759 5275 794 5328 46
819 5273 987 5328 coniecerit.
