3702 5962
397 614 518 664 xxxvl
968 603 1169 656 PRAEFATIO.

487 775 570 860 (70);
599 778 681 839 4082
708 775 835 858 (00*,44
856 774 897 838 04.
923 773 1132 857 0804404),
1168 774 1251 835 4088
1279 772 1342 856 (06,
1361 774 1403 858 4);
1437 773 1517 834 4000
1540 771 1623 857 (00),
1659 776 1743 838 4400

488 880 571 963 )04);
608 879 684 940 4404
710 877 793 962 (sig
828 878 909 940 4404
928 876 990 958 (87,
1009 896 1040 956 4;
1065 877 1147 942 44000
1168 877 1264 940 etiam
1287 874 1518 959 interpolavit).
1574 878 1746 958 Suspectus

483 1001 547 1045 non
570 984 605 1045 in
623 983 835 1064 suspicionem
853 981 979 1043 vocavit
1000 982 1071 1044 has:
1098 981 1159 1043 006
1180 979 1264 1064 (47);
1290 981 1352 1042 060
1370 977 1450 1062 (48);
1484 979 1546 1044 072
1566 978 1649 1062 (46);
1683 979 1745 1040 000

490 1083 595 1166 (424);
623 1085 705 1146 4400
728 1083 827 1167 (442).
851 1118 894 1130 -
916 1081 1008 1156 Quod
1030 1081 1071 1145 ad
1093 1081 1220 1163 spurias
1242 1083 1373 1162 attinet,
1399 1100 1462 1144 non
1486 1083 1590 1145 solum
1613 1081 1748 1164 glandes

484 1190 587 1251 musei
610 1187 808 1250 Ilircberiani
829 1186 948 1249 llinicii
970 1193 1073 1247 004040
1096 1185 1247 1249 confictas
1268 1204 1301 1247 n.
1322 1185 1463 1246 444-464
1495 1182 1547 1266 (04.
1572 1202 1655 1266 quae
1678 1184 1747 1246 dixi

482 1287 519 1371 p.
536 1291 577 1351 88
595 1289 680 1372 sqq.)
707 1289 812 1353 denuo
834 1300 871 1352 ut
893 1289 1047 1369 genuinas
1070 1285 1172 1350 edidit
1183 1286 1218 1370 ¹),
1244 1285 1302 1350 sed
1324 1285 1420 1349 etiam
1443 1287 1528 1350 inter
1541 1287 1661 1367 primos
1685 1296 1744 1367 est,

485 1394 541 1473 qui
564 1390 736 1474 glandibus
757 1390 865 1454 Asculi
887 1392 1008 1454 incusis
1031 1389 1157 1472 decepti
1180 1397 1255 1452 sunt
1282 1387 1394 1470 (edidit
1415 1390 1500 1450 enim
1522 1389 1585 1450 iam
1607 1408 1637 1452 a.
1663 1390 1747 1450 4800

485 1504 522 1558 444
543 1496 715 1577 genuinam
737 1512 771 1555 n.
796 1493 867 1575 87*,
886 1492 928 1576 4);
965 1494 1035 1575 ipse
1058 1491 1270 1575 quadraginta
1292 1492 1420 1554 incusas
1441 1489 1605 1572 possidere
1627 1509 1662 1554 00
1686 1493 1745 1574 044,

486 1615 566 1678 quas
588 1606 625 1660 ut
646 1597 801 1678 genuinas
823 1615 857 1659 sa
876 1595 1083 1678 acquisivisse
1105 1602 1191 1658 certe
1213 1612 1277 1656 non
1299 1593 1429 1676 negavit
1454 1592 1579 1675 (0404440
1593 1601 1667 1662 04444.
1685 1594 1747 1656 Xl

485 1719 518 1781 p.
545 1698 602 1760 744
631 1707 664 1761 et
685 1699 713 1759 x
735 1698 753 1758 0
778 1719 809 1780 p.
827 1697 915 1782 728).
963 1697 1010 1760 04.
1035 1715 1118 1778 quae
1146 1695 1215 1760 dixi
1238 1717 1270 1778 p.
1286 1697 1327 1760 02
1344 1714 1394 1777 sq.
1418 1731 1462 1742 -
1492 1696 1579 1769 Quae
1601 1716 1676 1760 cum
1705 1698 1748 1760 ila

486 1811 611 1882 essent,
644 1802 857 1865 Garruoeiana
884 1801 981 1865 editio
1003 1809 1050 1863 404
1078 1799 1251 1881 glandibus
1278 1800 1399 1880 spuriis
1421 1807 1532 1879 totque
1554 1798 1749 1862 lectionibus

486 1903 576 1968 404040
598 1901 785 1984 deturpata,
818 1905 895 1966 mibi
925 1902 1047 1966 nullius
1077 1902 1145 1965 lere
1177 1920 1257 1964 usus
1289 1900 1361 1965 luit.
1417 1901 1521 1965 Etiam
1551 1920 1635 1966 anno
1665 1903 1747 1964 4883

486 2025 611 2069 errores
644 2007 714 2069 04440
747 2004 946 2087 deceperunt
966 2006 1125 2068 Victorem
1147 2005 1258 2086 Poggi,
1289 2005 1402 2086 quiin
1427 2004 1575 2068 Gioroale
1596 2007 1749 2088 Llpusticc

485 2111 513 2170 X
538 2129 569 2190 p.
590 2109 649 2169 408
665 2127 714 2189 sq.
741 2108 783 2171 ad
805 2109 1049 2189 inscriptionum
1072 2107 1106 2169 in
1129 2105 1299 2189 glandibus
1322 2115 1523 2188 repertarum
1545 2125 1664 2188 genera
1689 2108 1748 2170 de-

485 2210 689 2273 monstranda
705 2230 778 2274 cum
791 2212 1004 2274 Garruociana
1016 2209 1140 2292 Sylloge
1155 2227 1234 2272 usus
1250 2217 1335 2272 esset
1349 2210 1426 2289 sola,
1441 2211 1527 2272 inter
1536 2211 1649 2272 XXIIII
1664 2229 1748 2292 quaa

486 2312 594 2376 attulit
609 2313 756 2394 exempla
770 2313 896 2394 spumas
919 2321 1004 2394 octo,
1023 2321 1190 2394 suspectas
1212 2311 1264 2374 vel
1285 2311 1366 2374 male
1390 2313 1489 2375 lectas
1512 2313 1566 2375 llll
1582 2313 1723 2377 admisit.

401 2414 555 2479 04444444
582 2414 720 2498 Vsfizicle
734 2414 784 2478 004
797 2417 897 2500 440900
912 2413 941 2477 d’
956 2415 1104 2478 italicis
1124 2415 1245 2498 4409940
1263 2412 1357 2478 4870.
1375 2415 1513 2479 -Vide
1529 2414 1619 2479 adn.
1637 2417 1692 2497 86,
1712 2437 1745 2480 a..

400 2517 539 2582 Achilles
560 2517 759 2582 0444444444.
783 2516 929 2580 -Vide
951 2515 993 2580 00
1014 2536 1048 2579 0.
1074 2518 1126 2580 08.
1154 2545 1163 2560 ·

402 2620 556 2686 0404444444
579 2621 730 2705 0494404404
752 2620 787 2684 444·
807 2619 1008 2704 0404εοὶ0940,
1034 2621 1169 2684 0404400
1191 2620 1373 2683 4000404040
1394 2620 1457 2683 dir.
1483 2621 1525 2683 00
1545 2623 1580 2683 L.
1610 2623 1650 2683 T.
1677 2622 1751 2685 Bel-

485 2743 584 2809 940440
607 2723 644 2786 044
664 2723 703 2787 l.
729 2723 815 2786 Neri.
842 2723 981 2785 Genava.
1009 2757 1048 2768 -
1071 2721 1150 2785 Vide
1171 2743 1206 2804 p.
1223 2723 1294 2784 xlx
1316 2732 1348 2786 et
1370 2741 1467 2804 supra
1482 2725 1516 2786 in
1531 2725 1590 2788 hac
1605 2742 1680 2806 pag.

405 2826 559 2891 0404444444
583 2826 743 2907 comatico
816 2825 1096 2910 diremptorem
1120 2844 1153 2888 n.
1172 2825 1300 2888 24-26
1328 2824 1565 2910 (Vermiglicli):
1589 2846 1622 2890 v.
1640 2846 1674 2889 n.
1696 2827 1747 2900 68;

489 2929 541 3010 74,
561 2948 589 3008 4;
616 2927 668 3010 77,
689 2948 717 3007 4;
750 2927 809 3007 78;
843 2926 895 3010 87,
914 2943 938 2991 r.
969 2962 1013 2974 -
1037 2927 1119 2988 4800
1143 2926 1227 3009 disp.
1256 2930 1268 2989 4
1301 2927 1550 3012 (440004-000444);
1580 2949 1614 2991 v.
1640 2948 1673 2991 n.
1693 2930 1746 2992 02.
1839 2915 1840 2940 ἢ

490 3067 529 3079 -
554 3033 635 3094 4860
664 3029 715 3113 (00
737 3031 890 3115 44404040);
916 3050 948 3092 v.
974 3048 1007 3091 0.
1033 3031 1104 3092 w.
1128 3065 1173 3076 --
1196 3032 1275 3092 4864
1302 3030 1385 3113 disp.
1411 3033 1449 3094 2:
1475 3052 1506 3094 v.
1533 3051 1565 3094 n.
1592 3033 1644 3112 86,
1665 3055 1691 3096 4.

400 3137 495 3199 Ianus
525 3134 662 3214 044444,
693 3133 918 3215 Inscriptiones
947 3131 1051 3216 (4003)
1084 3153 1117 3214 p.
1145 3133 1238 3214 4408,
1266 3135 1350 3195 4-6
1374 3144 1440 3197 4400
1462 3134 1594 3216 glandes
1616 3153 1650 3196 n.
1673 3137 1705 3217 4,
1725 3160 1747 3199 4.

489 3238 540 3300 40.
569 3237 619 3316 46,
639 3257 650 3299 4
674 3234 833 3300 exhibuit.
878 3235 940 3297 Eas
963 3235 1125 3317 accepisse
1140 3255 1215 3299 eum
1237 3245 1315 3318 puto
1337 3236 1378 3298 ab
1393 3237 1508 3318 lipsio,
1535 3239 1592 3318 qui
1614 3255 1644 3298 a.
1666 3239 1750 3300 4000

489 3341 558 3421 ipse
582 3337 694 3402 edidit.
734 3336 862 3401 Litteris
884 3338 1042 3420 expressit
1063 3347 1101 3401 ut
1122 3338 1249 3420 Lipsius
1270 3338 1468 3422 vulgaribus,
1495 3340 1620 3402 omissis
1643 3351 1751 3404 autem
1838 3419 1839 3430 ¹

487 3441 650 3524 glandium
672 3427 878 3524 imaginibus.

402 3545 555 3628 Georqus
583 3546 760 3623 0444444444,
793 3543 921 3606 Siciliae
948 3544 1099 3625 antiquae
1129 3543 1269 3608 tabulae.
1316 3542 1364 3608 04.
1395 3546 1567 3607 hlommscn
1595 3544 1692 3626 Gorp.
1724 3547 1752 3608 x

488 3667 521 3730 p.
541 3646 602 3709 744
626 3665 698 3728 sqq.
746 3645 902 3708 Editionis
924 3646 1082 3728 principis
1104 3647 1266 3720 Panormi,
1298 3665 1382 3711 anno
1404 3655 1441 3710 ut
1461 3646 1529 3709 vid.
1557 3647 1658 3728 4024,
1692 3649 1753 3712 im-

488 3768 618 3832 pressae
646 3748 705 3812 sed
734 3746 919 3830 imperfecte
949 3749 1077 3812 relictae
1106 3748 1170 3813 duo
1191 3751 1338 3813 novimus
1360 3749 1571 3831 exemplaria,
1613 3769 1753 3831 quorum

488 3871 587 3916 unum
608 3853 725 3914 Romae
747 3849 781 3913 in
806 3849 886 3913 bibl.
911 3848 1127 3914 Alexandrina
1149 3852 1343 3933 Dresselins,
1374 3853 1511 3916 alterum
1533 3851 1619 3934 apud
1644 3871 1754 3917 sacer·
1837 3873 1838 3952 3

488 3955 595 4017 dotem
618 3953 833 4018 Castronucvo
856 3955 889 4015 in
912 3955 1013 4016 440040
1037 3955 1069 4017 S.
1095 3954 1243 4018 Giuliano
1265 3957 1476 4018 hlommsenus
1497 3954 1593 4018 vidit:
1625 3966 1754 4019 utrum-

490 4077 553 4139 que
576 4057 668 4120 titulo
691 4065 792 4134 caret;
819 4056 993 4137 posterius,
1020 4076 1108 4120 nunc
1130 4057 1274 4119 Panormi
1296 4059 1330 4120 ln
1351 4057 1544 4120 bibliotheca
1565 4060 1670 4121 musei
1695 4059 1754 4122 ad-

489 4169 668 4242 servatum,
706 4159 848 4222 continet
875 4158 1068 4223 Tabularum
1097 4178 1129 4239 p.
1157 4160 1260 4220 l—83
1290 4168 1322 4222 et
1349 4159 1517 4224 Animadv.
1547 4179 1580 4242 p.
1608 4161 1751 4243 4-404,

490 4265 581 4347 prius
608 4263 738 4344 eadem,
771 4262 833 4326 nisi
856 4260 944 4342 quod
971 4262 1004 4323 in
1026 4258 1087 4324 An.
1113 4281 1145 4342 p.
1168 4263 1228 4323 446
1252 4261 1382 4325 desinit.
1406 4296 1450 4308 —
1471 4260 1531 4324 Ed.
1557 4263 1576 4324 2
1601 4264 1635 4325 40
1658 4265 1755 4328 4444440

490 4366 632 4430 exhibet:
655 4357 825 4429 ‘Messanae
849 4357 924 4430 cib.
950 4357 1024 4430 lun.
1048 4354 1168 4447 XXrV’,
1193 4365 1251 4428 sed
1265 4363 1386 4447 prodiit
1404 4385 1433 4429 a.
1454 4365 1549 4446 4020,
1574 4366 1632 4446 qui
1649 4385 1756 4430 annus
1836 4331 1837 4406 Ῐ

491 4480 523 4536 04
543 4469 740 4534 440040044οο4
771 4478 804 4532 04
824 4470 998 4532 0000044440
1025 4467 1246 4550 approbationi
1274 4466 1474 4548 subscriptus
1496 4477 1556 4530 004.
1604 4467 1756 4533 Continet

490 4573 681 4638 Tabularum
697 4592 753 4655 pp.
773 4571 846 4652 408,
871 4569 976 4632 AnIm.
994 4590 1050 4652 pp.
1071 4571 1144 4632 484.
1184 4571 1229 4635 440
1245 4569 1351 4633 denuo
1372 4589 1489 4633 excusa
1509 4571 1607 4633 estin
1623 4570 1755 4634 Graevii

490 4678 650 4741 Tbesauro
672 4678 794 4756 antiqq.
820 4674 946 4737 Siciliae
969 4673 1030 4736 vol.
1048 4674 1098 4756 Vl,
1124 4671 1422 4755 ingemutius.
1447 4707 1491 4718 -
1512 4673 1639 4736 40444400
1662 4675 1757 4755 glan·
1835 4753 1836 4758 ἵ

491 4778 548 4842 4400
564 4781 597 4842 40
613 4779 666 4842 ed.
686 4780 697 4838 4
727 4786 856 4859 praeter
871 4776 1033 4857 Lipsianas
1056 4795 1088 4838 n.
1110 4777 1161 4838 43.
1183 4776 1233 4856 44,
1251 4797 1275 4840 4.
1295 4777 1345 4854 40,
1363 4797 1373 4839 4
1398 4775 1531 4857 protulit
1552 4777 1757 4841 0000004040
1835 4787 1836 4814 ¹

491 4900 555 4943 non
578 4881 733 4945 indicato:
759 4899 791 4942 n.
812 4881 841 4959 0,
861 4899 888 4942 44
905 4887 938 4940 04
952 4898 980 4940 44
1007 4875 1057 4960 (ot.
1082 4879 1163 4940 inira
1185 4898 1217 4959 p.
1239 4875 1327 4960 442).
1353 4879 1388 4940 ln
1411 4876 1461 4940 ed.
1481 4879 1500 4940 2
1523 4875 1585 4940 An.
1603 4897 1637 4960 p.
1653 4879 1696 4941 26
1712 4905 1757 4934 .-.-

493 4984 583 5047 44400.
600 4984 637 5045 44
661 4983 718 5044 384
747 4980 872 5046 0004044
886 4980 962 5044 Seb.
980 4981 1140 5043 Antonelli
1168 4982 1199 5064 (i.
1219 5001 1248 5044 e.
1266 4978 1540 5062 AndreantonellI)
1567 4978 1609 5043 de
1630 4981 1759 5048 Castel-

476 5153 500 5218 4)
522 5153 653 5206 Glandem
672 5165 699 5206 n.
714 5150 746 5204 li*
764 5155 781 5204 4.
797 5154 829 5204 11.
845 5153 904 5204 4404.
925 5153 1103 5204 0044000444ιο
1116 5165 1232 5204 numero
1245 5164 1296 5204 suo
1309 5154 1359 5202 440
1379 5149 1620 5218 comprehendisse
1639 5157 1708 5218 puto
1728 5157 1758 5206 ut

405 5241 475 5293 solet
492 5240 599 5293 diversa
618 5239 741 5292 eiusdem
759 5239 943 5305 inscriptionis
967 5237 1132 5304 exemplaria
1159 5251 1213 5289 non
1232 5238 1408 5303 distinguere.
1452 5237 1530 5289 00440
1548 5251 1582 5289 00
1600 5237 1674 5290 hene
1691 5241 1758 5305 qui·
1834 5215 1835 5286 4

405 5326 467 5378 dem
486 5338 603 5392 usquam
621 5325 770 5377 damnavit.
