3776 5966
608 601 651 650 ΕΤ
669 598 841 658 Runlovnu
861 597 1018 647 PICENAE.

630 1497 810 1552 inteti:
934 1509 984 1549 n·
1026 1507 1110 1548 avr·

944 1609 984 1650 ι·
1026 1609 1068 1650 xv

629 1751 811 1806 iubete:
904 1741 1044 1822 0-61ζ·

152 1940 304 1997 labili.
352 1939 500 2008 Descripsi
522 1944 554 1993 ut
577 1952 675 2008 supra.
724 1935 755 1991 ln
778 1937 853 1992 areis
877 1941 906 1992 3.
935 1938 964 1992 1.
992 1939 1020 1992 7.
1052 1928 1110 2012 (81)
1137 1943 1243 2007 puncta
1270 1938 1412 2008 quaedam
1436 1957 1488 1995 ex-

152 2049 221 2099 stant
242 2043 304 2098 sine
327 2040 429 2098 ordine
452 2046 481 2095 et
502 2038 580 2095 baud
602 2037 691 2096 dubie
713 2053 767 2109 per
789 2037 947 2095 ludibrium
971 2039 1075 2109 posita.

230 2145 269 2201 u.
288 2144 353 2216 llos.
380 2148 438 2198 tam
467 2141 504 2198 de
525 2133 647 2218 ll[arco)
679 2133 844 2215 1811666161)
872 2140 945 2197 11616
974 2155 1062 2212 quam
1083 2131 1204 2217 ll(arco)
1231 2142 1328 2216 Rullo,
1362 2144 1489 2202 llulreno

156 2243 196 2322 [cl.
229 2247 314 2318 Corp.
346 2247 358 2300 l
382 2238 457 2321 ind.)
484 2243 577 2300 aliove
601 2245 717 2301 nomine
745 2243 844 2315 gentili
873 2243 1009 2314 explicari
1035 2245 1151 2315 poterit.
1176 2272 1220 2284 -
1249 2244 1281 2300 16
1305 2250 1322 2302 6
1347 2259 1369 2304 0
1394 2249 1490 2318 potius

152 2351 232 2406 tuisse
250 2363 337 2421 quam
355 2347 515 2404 evidetur.
557 2347 699 2403 Falsarius
716 2346 879 2402 Asculanos
902 2344 1063 2402 secundum
1085 2347 1159 2402 bano
1182 2353 1231 2404 aut
1252 2349 1375 2404 similem
1391 2349 1491 2406 incidit

153 2453 275 2520 tormam,
301 2467 358 2522 qua
381 2451 481 2522 plures
504 2449 614 2506 incudit
640 2444 716 2525 (vide
741 2441 1010 2524 6116166661).

231 2555 383 2610 llenzenus
404 2552 657 2609 661166111661.
677 2554 756 2608 1876
778 2568 808 2623 p.
826 2557 864 2608 68
881 2567 926 2623 sq.
949 2551 1084 2623 glandem
1107 2552 1282 2609 simillimam
1304 2553 1393 2610 edidit
1415 2570 1490 2626 quae

156 2657 200 2713 1611
225 2656 301 2728 apud
331 2655 472 2712 baronem
502 2655 539 2712 de
561 2655 653 2712 1116616
674 2654 812 2725 Neapoli:
860 2647 885 2729 a)
914 2668 949 2710 ιι·
971 2649 977 2726 l
997 2668 1071 2724 avr,
1112 2649 1142 2730 b)
1164 2645 1314 2734 661611,
1355 2649 1381 2732 o)
1407 2685 1486 2724 mena,

155 2753 179 2834 d)
199 2755 248 2832 lac
270 2758 308 2814 ad
330 2774 454 2830 eamque
477 2757 629 2828 legendam
658 2757 916 2828 explicandamque
939 2757 1049 2813 confert
1071 2757 1304 2828 Desjardiniauas
1327 2774 1357 2814 6.
1378 2751 1491 2816 fistals

155 2869 179 2917 61
202 2853 344 2934 (oneror)
372 2875 409 2918 aa.
437 2875 464 2918 aa
487 2862 525 2918 al.
583 2860 641 2917 Sed
670 2866 702 2916 ut
724 2858 957 2930 Desjardinianas
985 2875 1087 2916 omues
1114 2861 1188 2917 mala
1219 2861 1322 2918 lraude
1354 2862 1492 2919 confictas

155 2979 211 3020 6666
232 2969 358 3034 constat,
392 2965 430 3019 ita
452 2963 591 3020 lliseanae
615 2979 732 3034 quoque
755 2967 845 3018 status
868 2963 1000 3033 quaestio
1023 2978 1082 3021 non
1107 2965 1170 3019 sine
1193 2979 1280 3021 causa
1302 2967 1414 3022 moveri
1435 2980 1492 3036 po-

155 3068 220 3124 ten't.
266 3067 306 3122 Ea
334 3066 415 3137 glans
442 3081 536 3138 nuper
564 3081 630 3122 eum
660 3080 762 3122 musco
790 3063 908 3122 baronis
935 3065 1060 3121 Meester
1090 3066 1127 3122 de
1154 3067 1307 3124 llavestein
1336 3068 1491 3125 donatione

155 3171 224 3224 venit
237 3171 266 3224 16
282 3184 416 3226 muscum
432 3168 616 3225 Bruxellense
639 3185 670 3240 q.
688 3184 716 3224 v.
736 3169 820 3226 Porto
841 3169 877 3224 dc
891 3167 948 3223 Hal
974 3159 1032 3243 (ed.
1051 3169 1175 3225 lleester
1190 3169 1227 3225 de
1243 3169 1313 3225 llav.
1333 3169 1420 3226 Catal.
1438 3168 1487 3237 lll,

158 3275 239 3338 1881,
266 3287 296 3342 p.
318 3265 401 3346 391);
427 3277 563 3343 ectypum
586 3273 714 3328 nancisci
736 3286 796 3328 uon
818 3271 914 3344 potui,
945 3270 1051 3327 trustra
1074 3270 1272 3328 intercedente
1294 3273 1358 3344 ipso
1382 3271 1490 3327 barone

154 3371 186 3428 de
205 3373 369 3430 Ravesteiu.
394 3374 624 3431 -Notandum
646 3378 742 3431 autem
766 3379 810 3430 est
832 3374 971 3429 munitam
994 3387 1059 3428 esse
1082 3373 1113 3428 dt
1131 3379 1220 3445 ponte
1242 3374 1273 3429 ot
1293 3374 1388 3446 ferro:
1418 3374 1491 3430 tales

155 3474 264 3544 glandes
292 3475 459 3547 possidebat
486 3477 528 3533 De
558 3476 668 3532 llinicis
698 3481 770 3533 teste
799 3477 863 3547 ipso
893 3490 922 3545 p.
951 3477 1029 3540 166,
1063 3472 1184 3529 6666166
1211 3469 1266 3528 sibi
1295 3490 1311 3529 a
1343 3473 1490 3531 ludovico

156 3577 214 3633 lolli
234 3577 386 3636 lacobuzzi
408 3577 594 3646 viterbiensi,
629 3577 797 3648 dequibus
826 3577 935 3633 dietum
965 3591 1030 3631 esse
1060 3573 1140 3631 addit
1164 3573 1329 3647 Oniolopto‚
1360 3577 1492 3647 picroole

158 3677 183 3732 di
202 3681 317 3753 Pemgio
339 3697 378 3736 m.
394 3679 478 3737 Febr.
502 3681 581 3738 1831
605 3697 636 3751 p.
658 3683 729 3747 153,
757 3696 785 3752 q.
806 3696 835 3737 n.
856 3695 885 3735 ν.
940 3677 977 3734 llt
999 3677 1036 3734 de
1058 3678 1161 3734 barum
1184 3694 1303 3750 quoque
1325 3679 1490 3736 sinceritate

159 3795 208 3836 non
222 3791 340 3839 constat.

158 3989 194 4058 23
207 3995 257 4078 [=
271 4004 359 4075 Corp.
374 4003 414 4058 ix
429 4019 459 4058 6.
476 4007 568 4070 6686,
583 3996 666 4077 ιιιιιιι]
708 4007 718 4059 1
746 4017 810 4072 rep.
829 4005 859 4058 in
874 4002 1033 4060 Castellano
1061 3995 1100 4076 [in
1121 4017 1222 4059 museo
1234 4000 1332 4058 Ascul.
1352 3993 1488 4078 tenesne

232 4122 262 4162 6.
283 4099 370 4180 ital.
395 4104 505 4161 Pendet
528 4109 566 4162 66
590 4120 635 4176 gr.
682 4103 852 4177 Robiginem
875 4104 964 4160 babet
985 4105 1178 4175 ferrugineam
1201 4105 1331 4160 nitidam.

195 4212 209 4262 t
232 4207 308 4264 baud
330 4205 420 4264 dubie
435 4223 527 4279 prope
542 4206 680 4264 Asculum
695 4223 758 4277 rep.
782 4201 822 4283 [in
837 4223 911 4263 mus.
931 4205 1031 4264 86661.
1049 4223 1077 4262 a.
1099 4209 1226 4264 18716.
1250 4200 1356 4281 17361.
1383 4206 1490 4262 Pendet

235 4316 270 4367 83
295 4327 340 4382 gr.

195 4415 322 4486 iprope
351 4411 491 4470 Asculum
517 4425 581 4484 rep.
614 4411 730 4469 videtur
760 4406 868 4486 [Asculi
898 4411 974 4484 apud
1012 4412 1212 4468 Venturlnium
1244 4411 1394 4466 aurificem
1430 4408 1488 4464 vidi

232 4531 257 4570 a.
288 4507 395 4590 terat.

197 4618 210 4670 1
236 4611 274 4691 [16
289 4633 391 4674 museo
406 4617 594 4688 Neapolitano
609 4632 639 4672 6.
655 4621 734 4674 1716
751 4619 827 4673 inter
842 4616 1065 4688 Saniangelauas
1080 4632 1110 4671 6.
1122 4609 1165 4692 11.
1198 4614 1306 4670 Pendet
1324 4619 1373 4682 89,
1387 4617 1424 4670 76
1442 4630 1486 4684 gr.

232 4720 371 4791 ltobigine
394 4719 467 4776 tlara
490 4720 647 4776 incrustata
669 4725 725 4775 est.

196 4823 211 4876 6
236 4815 274 4896 [16
295 4837 397 4880 museo
419 4822 607 4879 Kircberiano
630 4837 660 4877 6.
688 4815 774 4896 aen.

198 4926 224 4976 6.
242 4927 258 4980 7
284 4918 402 5000 [Romae
425 4924 503 4996 apud
524 4925 556 4980 1..
574 4917 743 5000 Depoletti].
782 4924 943 4998 toscona
964 4922 1140 4980 romboidote
1163 4923 1327 4978 acuminata
1349 4927 1393 4978 est
1415 4929 1489 4978 teste

235 5037 421 5084 60666660.

275 5147 332 5204 1166
356 5162 458 5205 omnes
481 5147 572 5204 torma
595 5153 662 5202 sunt
683 5146 852 5218 hexagonali
874 5152 906 5202 ut
929 5162 958 5202 6.
986 5151 1036 5204 11.
