3776 5966
366 528 415 600 90
872 538 1030 589 8888888
1048 538 1203 590 severas.

366 729 500 792 reniret),
523 741 612 794 neque
631 731 715 779 totam
734 727 804 779 banc
821 727 948 778 falsarum
967 730 1085 794 speciem
1108 731 1286 792 agnoverunt,
1305 727 1334 778 ld
1353 729 1426 778 enim
1443 727 1503 780 lieri
1522 742 1575 781 888
1594 732 1716 795 potuisse

366 818 581 868 consentaneum
599 817 640 866 est
657 815 711 864 nisi
735 815 801 880 ipsis
820 813 966 879 glandibus
989 815 1150 866 examinatis
1168 817 1196 865 et
1212 814 1247 865 ad
1266 815 1384 878 genuina
1402 813 1568 880 exemplaria
1585 819 1714 866 ecaurate

365 904 475 955 exactis.
514 902 567 953 Sed
585 901 649 952 inde
667 901 721 951 boc
740 898 841 950 lactum
860 903 910 964 est,
931 903 963 951 ut
980 899 1124 965 bucusque
1137 913 1233 951 omnes
1251 899 1302 951 bae
1315 900 1437 964 glandes,
1457 901 1539 950 etiam
1557 901 1714 966 suspicione

365 986 411 1038 illa
430 988 561 1053 seposita,
589 1000 637 1052 pro
657 988 783 1050 genuinis
801 986 882 1051 vulgo
904 985 1074 1038 haberentur
1091 986 1292 1050 ederentnrqoe
1311 997 1364 1035 non
1383 985 1471 1036 solum
1489 985 1524 1038 ab
1543 987 1590 1046 iis,
1615 987 1714 1051 quiex

367 1074 476 1124 44484848
504 1076 660 1137 repeterent
676 1073 721 1124 vel
744 1076 819 1124 certe
842 1085 895 1122 non
920 1073 1053 1123 vidissent
1080 1071 1249 1134 (8448848448,
1276 1070 1426 1133 Fabrettio,
1451 1071 1595 1134 Fiorcllio),
1620 1085 1718 1124 uenum

366 1161 448 1210 etiam
461 1159 496 1210 ab
509 1160 552 1220 iis,
572 1159 619 1223 qui
638 1159 711 1224 ipsas
729 1161 854 1218 tractare,
875 1159 1040 1218 examinare,
1062 1170 1125 1208 curn
1138 1157 1255 1209 sinceris
1267 1157 1354 1208 musci
1372 1156 1540 1208 liircberiani
1554 1169 1714 1223 comparare

366 1248 487 1310 possent,
507 1246 525 1296 i.
540 1259 564 1296 e.
580 1244 726 1295 Garruccio
744 1246 772 1295 et
789 1245 932 1308 lluggiero.

434 1333 521 1396 Atque
534 1331 557 1380 48
569 1330 682 1395 quidem
694 1343 771 1381 error
781 1329 847 1381 bulo
859 1329 1011 1380 stadiorum
1023 1330 1116 1394 generi
1129 1341 1267 1380 summum
1285 1329 1480 1380 detrimentum
1494 1328 1592 1391 intulit,
1612 1330 1713 1395 quippe

367 1431 422 1482 quo
440 1418 588 1482 praecipue
612 1414 738 1466 ellectum
756 1417 801 1478 sit,
825 1418 856 1466 nt
874 1414 1100 1466 Viocenzinianae
1121 1413 1248 1478 lraudes,
1271 1415 1391 1480 primum
1415 1416 1442 1465 ln
1467 1427 1561 1465 musea
1586 1425 1645 1466 sese
1671 1416 1716 1466 in-

365 1505 519 1564 sinuantes,
547 1516 610 1553 mox
628 1504 656 1552 in
674 1501 842 1553 editionibus
860 1515 969 1566 quoqne
986 1501 1167 1565 genuinarum
1189 1503 1330 1567 receptae,
1356 1503 1412 1550 tam
1430 1499 1478 1550 diu
1496 1503 1537 1551 tot
1554 1499 1714 1552 bominibus

368 1587 456 1639 doctis
474 1589 614 1652 imponere
632 1589 753 1653 possent.
790 1586 927 1638 Felsarius
950 1587 1024 1638 enim
1046 1598 1110 1638 cum
1133 1587 1229 1651 primis
1252 1586 1332 1636 annis
1356 1587 1547 1651 inscriptiones
1568 1600 1584 1636 a
1603 1586 1713 1636 44484848

365 1673 460 1738 editas}
477 1672 533 1724 iere
550 1673 622 1724 soles
646 1674 674 1724 in
692 1673 751 1725 suis
768 1672 914 1738 glandibus
933 1674 1082 1737 repeteret,
1101 1671 1331 1724 Vincenxlnianne
1348 1671 1384 1722 ob
1403 1685 1463 1722 eam
1483 1673 1570 1737 ipsam
1589 1685 1710 1734 causam,

366 1759 441 1823 quod
465 1760 627 1811 44484848888
649 1759 732 1824 vulgo
757 1761 882 1824 receptae
906 1761 934 1808 et
955 1756 1085 1824 probatae
1113 1761 1213 1819 essent,
1241 1759 1376 1822 genuinae
1402 1771 1463 1808 esea
1481 1757 1714 1810 existimabantur.

366 1844 484 1896 Vlterius
501 1845 570 1896 adeo
592 1857 754 1910 progressus
772 1845 917 1910 Berglxius,
943 1843 1010 1896 dum
1028 1843 1256 1896 Vincenzinianas
1274 1842 1439 1907 Desjardinii
1456 1843 1569 1908 quidem
1591 1843 1713 1906 damnat,

366 1933 394 1980 at
417 1942 481 1981 suas
506 1943 560 1981 non
585 1933 676 1981 minus
699 1930 925 1982 Vincenxinianes
952 1932 1047 1981 censet
1070 1942 1130 1981 esse
1157 1931 1295 1993 sinceras,
1323 1927 1546 1992 Mommsenumu
1578 1929 1712 1993 quasdam

366 2016 479 2079 glandes
497 2029 639 2082 perperam
658 2017 685 2066 48
704 2017 889 2082 suspicionem
907 2029 1021 2067 vocasse
1039 2015 1181 2066 contendit
1198 2015 1333 2067 eiusmodi
1357 2027 1501 2066 censuram
1519 2028 1573 2065 non
1596 2017 1654 2066 sine
1673 2017 1714 2066 ira

365 2102 523 2167 vituperans
551 2101 659 2164 (annali.
678 2101 764 2153 liban.
783 2105 830 2164 48,
853 2105 934 2162 4874,
959 2115 985 2167 p.
1004 2104 1019 2150 8
1039 2114 1098 2166 sqq.
1117 2122 1149 2146 =
1170 2101 1443 2165 884488488888888888
1462 2104 1528 2152 4878
1547 2115 1573 2166 p.
1587 2103 1618 2150 48
1631 2103 1713 2166 sqq.);

366 2189 394 2237 in
417 2201 472 2253 qua
497 2201 526 2238 re
550 2189 656 2252 egregie
676 2167 819 2252 4488844888
843 2188 956 2252 quidem
980 2186 1078 2238 laisum
1103 2199 1163 2238 esse
1189 2202 1222 2240 ex
1245 2189 1292 2249 ils,
1318 2201 1389 2251 quae
1414 2201 1497 2252 supra
1514 2186 1710 2250 demonstravi,

366 2276 493 2339 apperet;
520 2287 583 2324 nam
608 2276 714 2324 tantum
737 2272 828 2335 abest,
856 2277 884 2324 ut
908 2275 992 2325 nimia
1015 2272 1096 2324 luerit
1116 2275 1277 2326 Mommsuni
1303 2287 1434 2336 censura,
1462 2275 1493 2324 ut
1515 2273 1597 2323 etiam
1620 2272 1715 2338 plures

367 2359 535 2410 damnandas
562 2372 622 2410 esse
645 2361 783 2423 totamque
806 2359 879 2410 banc
900 2361 1002 2410 seriem
1029 2357 1138 2410 48488848
1163 2358 1259 2410 deberl
1286 2362 1342 2410 iem
1368 2361 1485 2410 8888484.
1528 2357 1594 2408 inde
1622 2360 1715 2408 autem

365 2445 498 2508 sequitur,
518 2457 589 2509 quae
607 2457 651 2496 ros
669 2445 781 2496 maximi
799 2448 842 2496 est
859 2446 1006 2508 momenti,
1027 2448 1059 2496 ut
1074 2457 1170 2498 omnes
1188 2445 1251 2497 illae
1269 2444 1396 2510 glandes,
1424 2444 1525 2508 quibus
1543 2444 1652 2496 eaedem
1671 2445 1716 2494 in-

365 2531 528 2594 scriptiones
553 2533 592 2582 tot
614 2529 816 2595 exemplaribus
840 2530 1016 2590 exhibentur,
1042 2543 1096 2580 non
1120 2533 1227 2597 possint
1249 2531 1400 2582 llinicianis
1424 2529 1505 2582 fidem
1524 2541 1645 2580 asserere
1665 2529 1713 2580 sed

366 2616 442 2680 ipsae
461 2617 516 2666 sint
533 2614 638 2667 iraudis
656 2615 892 2670 condemnandae.

435 2701 465 2750 ln
483 2701 568 2752 844888
586 2714 684 2765 genere
700 2698 856 2766 (884-844)
871 2703 976 2753 litterae
995 2701 1146 2765 singulares
1165 2715 1249 2754 sensu
1266 2703 1376 2752 omnino
1394 2715 1486 2754 cassae
1505 2714 1553 2766 per
1566 2700 1715 2752 ludibrium

367 2789 534 2850 compositae
557 2789 630 2841 sunt.
674 2787 780 2839 Partem
807 2785 963 2850 (888-888)
988 2789 1046 2855 ipse
1071 2789 1237 2838 examinavi:
1265 2801 1313 2838 eae
1338 2785 1433 2838 iraude
1457 2791 1512 2838 tam
1536 2799 1628 2838 cressa
1652 2789 1716 2837 sunt

367 2871 466 2934 iactae,
494 2873 588 2924 utrix
611 2886 777 2938 quemquam
795 2875 838 2926 vel
862 2874 1033 2940 aliquantum
1056 2875 1173 2938 peritum
1198 2871 1289 2924 tallere
1316 2874 1433 2938 possint:
1459 2871 1585 2923 falsarius
1607 2870 1714 2936 plumbi

366 2955 574 3023 litterarumque
598 2957 699 3009 lormes
723 2961 846 3024 antiquas
871 2961 970 3010 imitari
989 2972 1022 3009 ne
1042 2959 1183 3025 temptavit
1204 2959 1327 3023 quidem;
1354 2957 1449 3024 robigo
1467 2960 1538 3009 inest
1556 2956 1611 3008 lere
1630 2956 1713 3020 nulla,

366 3056 419 3094 una
449 3041 515 3107 (27⁴⁸)
539 3043 607 3094 adeo
630 3045 719 3096 resine
743 3043 889 3109 subnigra,
915 3058 985 3110 quae
1013 3045 1086 3096 48888
1111 3057 1182 3095 8888
1205 3046 1334 3107 vocetur,
1360 3058 1394 3095 ex
1417 3047 1493 3109 perte
1519 3042 1636 3093 obducta
1663 3046 1714 3092 est.

365 3128 397 3180 N.
410 3125 470 3181 w.
491 3127 551 3182 itii.
568 3127 627 3179 w.
649 3127 708 3180 sill.
729 3129 780 3180 tt*
792 3143 864 3180 anno
879 3134 944 3181 4848
958 3131 986 3181 48
998 3143 1094 3181 museo
1108 3129 1283 3181 liircheriano
1296 3130 1366 3181 vidit
1377 3130 1512 3191 Minicius,
1533 3128 1716 3193 videnturque

366 3215 458 3280 paullo
482 3217 561 3266 88488
584 3229 618 3267 88
642 3217 807 3279 pervenisse.
851 3216 967 3281 Originis
990 3215 1141 3268 asculanae
1164 3227 1225 3266 esse
1249 3229 1277 3266 n.
1291 3213 1353 3265 tiit.
1373 3213 1432 3265 illl.
1460 3211 1519 3266 isli.
1539 3212 1590 3263 st*
1614 3215 1714 3265 diserte

367 3301 451 3351 tradit
468 3301 602 3351 Minicius.
640 3302 829 3366 Suspicionem
847 3303 906 3368 ipse
924 3302 958 3353 de
977 3302 1051 3353 nulla
1071 3299 1209 3366 protessus
1227 3304 1283 3361 est;
1310 3302 1461 3365 liuggierns
1481 3301 1553 3351 inter
1576 3305 1716 3366 suspectas

366 3383 485 3452 88448444),
515 3387 679 3437 Gerrnccius
700 3387 813 3452 glandes
834 3401 862 3440 n.
884 3387 943 3438 sul.
963 3385 1025 3438 sti.
1050 3383 1111 3438 27¹⁵.
1138 3386 1211 3438 tto*
1235 3387 1364 3450 (itemque
1384 3400 1409 3436 n.
1431 3385 1491 3436 sti.
1511 3383 1570 3448 884)
1598 3398 1628 3436 88
1652 3398 1713 3436 cum

368 3464 537 3522 biarchin‘in
549 3471 624 3523 taleis
643 3468 811 3537 relegauisse'
833 3475 949 3523 testetur
965 3473 1072 3538 Sylloge
1091 3485 1117 3537 p.
1131 3475 1190 3521 iiiii.
1207 3497 1239 3508 -
1257 3470 1367 3522 Ceteras
1382 3473 1418 3535 (a.
1434 3469 1483 3520 st*
1497 3471 1581 3536 sqq),
1600 3483 1716 3536 quarum

367 3557 500 3621 plurimae
524 3560 602 3608 erant
626 3558 767 3609 inmuseo
785 3558 938 3624 Campanae
960 3555 1019 3620 titii*
1037 3558 1125 3622 sqq),
1155 3556 1234 3623 plane
1261 3556 1385 3608 eiusdem
1412 3558 1519 3621 generis
1545 3570 1604 3607 esse
1627 3557 1717 3608 mani-

368 3640 465 3692 iestum
492 3645 546 3703 est,
576 3645 706 3708 recteque
733 3645 785 3694 iem
811 3644 1010 3695 damnauerunt
1033 3642 1220 3693 biommsenus
1237 3641 1289 3693 vol.
1306 3642 1317 3691 l
1335 3655 1362 3708 p.
1377 3644 1427 3692 888
1447 3645 1475 3694 84
1496 3643 1550 3707 (qui
1576 3643 1625 3693 bas
1643 3642 1716 3692 bend

367 3726 450 3778 dubie
474 3727 614 3792 significat)
642 3728 806 3794 Lnngperier
832 3729 904 3792 (vide
922 3728 958 3779 ad
975 3742 1003 3780 n.
1022 3733 1066 3791 88,
1086 3729 1122 3792 8).
1144 3728 1246 3778 -llis
1267 3727 1395 3778 subiunxi
1418 3731 1474 3780 4888
1499 3725 1611 3792 glandes
1634 3728 1716 3777 variis

367 3811 456 3864 modis
481 3814 508 3863 et
524 3817 586 3864 ante
605 3814 814 3865 Vincenzinium
832 3813 962 3864 confictas
981 3811 1051 3877 [otii.
1073 3812 1155 3867 8888.
1175 3809 1243 3876 884).

435 3898 556 3949 Tertium
580 3911 666 3963 genus
690 3903 732 3950 est
755 3899 893 3964 glandium
912 3912 1020 3960 earum,
1048 3911 1119 3964 quae
1146 3900 1219 3965 ipsae
1238 3898 1349 3962 quidem
1368 3899 1495 3963 antiquae
1518 3897 1651 3948 suntsed
1674 3898 1717 3946 48-

368 3984 531 4047 scriptiones
552 3998 568 4034 a
587 3982 696 4034 ialserio
713 3985 846 4036 Asculano
871 3985 966 4048 ligneis
990 3983 1084 4035 tormis
1107 3995 1223 4036 excusas
1246 3983 1376 4036 exhibent
1394 3982 1546 4048 quibusque
1566 3986 1606 4032 tot
1625 3995 1716 4034 musea

369 4073 425 4118 tam
444 4068 554 4134 publica
573 4082 654 4134 quem
673 4071 777 4134 priuata
796 4069 893 4121 relerta
913 4073 984 4122 sunt.
1016 4070 1071 4122 Eae
1089 4070 1199 4135 prodire
1218 4071 1368 4135 coeperunt
1386 4068 1449 4118 inde
1467 4068 1502 4118 ab
1520 4081 1591 4119 anno
1609 4069 1718 4118 circiter

369 4156 435 4203 4884
457 4154 529 4218 (vide
547 4169 575 4207 n.
591 4153 650 4216 still,
663 4157 700 4220 8).
725 4154 760 4205 Et
771 4154 806 4206 ab
818 4157 895 4207 initio
908 4156 1018 4221 quidem
1037 4153 1161 4206 falsarius
1174 4156 1288 4220 eiusque
1308 4155 1376 4204 88844
1388 4154 1542 4205 venditores
1560 4153 1718 4204 cautissime

368 4239 497 4302 agebant:
517 4252 570 4290 non
590 4241 664 4290 enim
682 4240 849 4292 recedebant
861 4242 914 4292 nisi
926 4241 1118 4307 inscriptiones
1131 4242 1185 4290 iam
1198 4239 1317 4302 aliunde,
1331 4240 1449 4291 maxime
1462 4252 1496 4290 cx
1508 4239 1608 4288 llinicii
1626 4237 1718 4289 libello

369 4327 457 4385 88488,
472 4338 571 4390 easque
583 4327 678 4390 paucis
690 4326 893 4391 exemplaribus
904 4339 1068 4390 summoque
1081 4325 1195 4376 artificio
1208 4325 1287 4376 iactis
1299 4324 1467 4391 repetebant.
1486 4325 1544 4386 Qun
1555 4323 1715 4386 factumest,

369 4413 398 4460 ut
417 4411 547 4474 genuinae
560 4413 686 4476 putarent
698 4411 889 4476 inscriptiones
901 4412 1002 4474 cuncti,
1016 4413 1097 4462 etiam
1118 4413 1136 4462 ii
1150 4411 1275 4462 bomines
1289 4411 1452 4475 gnarissimi,
1473 4409 1573 4475 qulbus
1586 4410 1716 4472 genuinas

370 4494 493 4546 conterre
513 4496 624 4548 cottidie
643 4497 670 4546 in
689 4499 816 4563 promptu
834 4499 906 4548 eret:
926 4499 1034 4562 praeter
1050 4499 1228 4548 Garruccium
1247 4499 1328 4548 etiem
1341 4496 1455 4547 Viscbor
1472 4497 1509 4558 (n.
1520 4491 1592 4556 elil),
1614 4495 1718 4545 iiorelli

372 4583 408 4642 tn.
422 4581 493 4645 tall),
505 4582 607 4633 Strnzzi
619 4583 741 4633 marchio
758 4581 947 4647 (posonem),
961 4583 1136 4648 Longperier,
1151 4583 1180 4634 l..
1195 4582 1308 4634 ldueller
1320 4583 1483 4635 Herniensis
1497 4579 1541 4644 (84.
1555 4581 1715 4641 Mommsen,

370 4667 408 4716 lm
419 4681 504 4720 88888
517 4667 593 4718 448488
610 4670 675 4717 4878
688 4669 711 4717 14
724 4681 751 4732 p.
768 4668 838 4728 447).
871 4667 941 4720 Nam
954 4669 1113 4720 Minicianae
1126 4668 1197 4728 illae,
1213 4681 1282 4733 ques
1294 4670 1399 4734 spurias
1417 4667 1460 4718 vel
1473 4666 1543 4718 male
1556 4666 1640 4719 488488
1658 4679 1718 4717 csse

440 4923 464 4986 4)
484 4922 670 4976 liommsenus
682 4923 782 4991 Corpl
796 4938 822 4990 p.
836 4927 884 4975 488
905 4927 933 4975 48
952 4925 1121 4991 praelatione
1140 4924 1285 4989 glandibus
1302 4923 1447 4976 Asculanis
1465 4923 1616 4989 praemissa
1631 4915 1717 4988 44444,

371 5010 473 5072 inquit,
499 5010 546 5069 qui
570 5009 667 5060 barum
692 5011 795 5062 nullam
814 5011 929 5062 viderim
956 5009 1023 5062 nibil
1049 5010 1105 5062 lere
1129 5011 1254 5062 relictum
1275 5010 1329 5062 luit
1346 5011 1398 5061 nisi
1418 5009 1562 5062 molestum
1581 5008 1718 5072 negotium

370 5093 551 5145 dubitationis
569 5091 757 5160 profitendae’.

439 5182 463 5245 8)
485 5180 624 5245 Borghesii
637 5183 781 5247 epistulam
795 5181 870 5233 illam
883 5182 947 5231 anni
961 5185 1037 5242 4888,
1058 5182 1158 5233 editam
1172 5195 1243 5232 enno
1258 5185 1332 5244 4878,
1353 5181 1484 5246 Berglxius
1497 5193 1561 5232 cum
1575 5193 1630 5231 non
1642 5192 1720 5230 oom-

372 5269 513 5330 memoret,
532 5267 642 5318 videtur
662 5269 809 5331 ignorasse.
