3776 5966
596 1456 1020 1664 auxanus
1076 1527 1498 1662 sunnila.

373 1817 528 1942 Primum
546 1901 633 1952 genus
646 1885 773 1950 (ps-49*
791 1884 1051 1951 reformaremur)
1071 1891 1228 1950 estearum,
1248 1900 1318 1953 quae
1330 1889 1433 1939 llinlcii
1450 1891 1538 1941 aetate
1556 1888 1718 1955 prodierunt

373 1976 400 2025 et
417 1975 473 2026 huc
490 1988 576 2039 usque
594 1973 745 2025 editoribus
763 1973 920 2036 (novissime
938 1974 1095 2037 Garruccio)
1115 1975 1314 2040 imposuerunt,
1335 1975 1387 2026 nisi
1405 1975 1478 2040 quod
1497 1989 1560 2042 pars
1579 1990 1627 2036 ea,
1647 1989 1717 2040 quae

372 2060 407 2112 ad
419 2060 539 2125 legiones
551 2062 665 2125 spectat,
679 2073 695 2110 a
707 2059 876 2110 Mommseno
888 2061 924 2120 et,
944 2057 973 2110 id
985 2059 1060 2123 quod
1073 2071 1160 2125 nuper
1171 2059 1283 2110 demum
1299 2058 1455 2123 didicimus,
1477 2063 1531 2112 iam
1544 2074 1561 2112 a
1572 2061 1718 2126 Borghesio

371 2160 443 2198 anno
457 2149 523 2197 istd
536 2147 564 2196 ln
582 2146 767 2212 suspicionem
780 2148 877 2196 vocata
896 2147 962 2196 eret.
998 2145 1054 2210 Ego
1067 2158 1131 2196 cum
1148 2147 1270 2210 primum
1281 2159 1354 2198 anno
1367 2149 1434 2198 isl'l
1447 2149 1534 2198 musei
1548 2147 1716 2198 lllrcheriaui

371 2233 514 2284 thesauros
532 2235 598 2284 tuno
615 2233 670 2283 iam
687 2233 750 2283 usui
769 2233 909 2284 communi
932 2231 1077 2283 commode
1094 2233 1231 2297 expositos
1254 2234 1282 2283 et
1298 2233 1424 2298 ltuggieri
1441 2245 1507 2284 eura
1525 2233 1644 2298 digestos
1661 2235 1716 2286 adii

371 2321 398 2369 et
416 2317 528 2383 glandes
546 2317 710 2383 perlustrare
728 2319 816 2382 coepi,
837 2319 864 2368 in
882 2331 976 2368 earum
995 2331 1108 2370 numero
1127 2319 1219 2370 statim
1237 2318 1333 2369 oculos
1351 2317 1464 2370 offendit
1475 2321 1560 2371 series
1576 2319 1714 2384 glandium

373 2401 492 2455 i*-i8*
511 2405 582 2454 inter
602 2417 631 2455 se
650 2403 852 2455 simillimorum
872 2406 899 2454 et
916 2403 1031 2454 eandem
1043 2402 1179 2454 officinam
1192 2403 1383 2469 prodentium,
1403 2405 1453 2455 sed
1471 2407 1563 2471 specie
1581 2409 1716 2457 externae

371 2491 504 2557 genuinis,
525 2502 593 2554 quas
606 2489 707 2540 multas
719 2491 783 2540 tunc
796 2490 848 2540 iem
862 2488 994 2552 videram,
1009 2488 1088 2555 longe
1102 2491 1268 2542 distantium.
1296 2492 1405 2542 Praeter
1422 2491 1471 2543 hes
1484 2495 1577 2557 postea
1591 2493 1715 2543 Perusiae

371 2577 462 2627 iuveni
481 2576 559 2638 duas,
585 2587 703 2640 quarum
720 2588 803 2626 unam
819 2588 846 2625 n.
862 2571 912 2625 it*
929 2574 1054 2626 eiusdem
1072 2577 1181 2640 generis
1200 2589 1260 2627 esse
1278 2576 1344 2626 mihi
1363 2579 1477 2640 constat,
1498 2576 1584 2628 altera
1602 2591 1629 2628 n.
1645 2576 1715 2628 tta*

370 2662 560 2714 videturesse.
587 2661 674 2712 Fusae
686 2663 750 2712 sunt
762 2659 874 2726 quidem
886 2662 957 2713 sicut
969 2661 1110 2726 antiquae,
1125 2659 1174 2712 sed
1187 2661 1291 2712 litterae
1305 2665 1395 2726 postea
1409 2662 1519 2713 additae
1530 2665 1594 2714 sunt
1606 2675 1715 2714 earum·

370 2761 424 2813 que
442 2749 534 2799 hastae
553 2748 591 2798 ita
603 2747 734 2807 eminent,
747 2750 779 2797 ut
789 2747 877 2798 cultro
891 2749 1015 2798 exsectus
1027 2759 1087 2800 esse
1098 2750 1236 2812 appareat.
1256 2746 1394 2812 Robiginis
1406 2747 1508 2798 habent
1522 2761 1576 2798 non
1590 2749 1713 2810 multum,

276 2879 279 2885 .
371 2836 408 2886 ita
425 2837 456 2884 ut
474 2847 507 2884 ex
525 2847 557 2884 ea
576 2846 605 2883 re
625 2834 651 2882 in
671 2835 795 2883 neutram
809 2835 913 2897 partem
932 2835 1000 2885 certi
1018 2833 1122 2898 aliquid
1134 2832 1262 2884 concludi
1276 2834 1375 2899 possit;
1397 2835 1516 2885 attamen
1535 2833 1588 2885 hoc
1599 2837 1714 2895 constat,

371 2923 399 2972 in
419 2920 492 2971 nulla
510 2919 608 2970 barum
626 2918 765 2984 glandium
783 2918 935 2984 robiginem
953 2923 1059 2970 exstare
1077 2919 1174 2981 telem,
1202 2919 1290 2985 qualis
1309 2920 1364 2970 situ
1385 2919 1515 2970 diuturno
1533 2923 1673 2971 excrescat
1689 2923 1715 2970 et

369 3007 493 3058 falsitatis
517 3006 699 3071 suspicionem
719 3004 856 3056 excludat.
881 3033 917 3043 -
937 3007 1005 3056 item
1023 3005 1173 3057 litterarum
1197 3005 1312 3068 tormer,
1337 3019 1407 3070 quse
1435 3006 1577 3056 imitantur
1598 3006 1714 3071 quadam

370 3095 450 3144 tenus
467 3092 532 3143 belli
545 3090 651 3142 socialis
663 3089 776 3155 glandes
788 3091 947 3152 Asculanos,
968 3090 1048 3156 plane
1060 3093 1165 3142 certum
1184 3089 1286 3141 fraudis
1298 3093 1489 3155 argumentum
1501 3103 1555 3141 non
1571 3091 1712 3154 praebent,

369 3178 477 3229 tametsi
495 3177 677 3241 suspicionem
697 3179 808 3227 movent
832 3189 859 3225 n.
872 3175 904 3225 4*
917 3176 1042 3238 (maxime
1061 3176 1103 3237 lli,
1127 3175 1222 3241 quales
1240 3188 1305 3226 sane
1326 3177 1352 3224 tn
1371 3178 1492 3227 nummis
1509 3177 1617 3240 angusti
1635 3177 1712 3242 spatii

370 3264 416 3314 hic
438 3264 493 3314 illic
516 3263 699 3324 inveniuntur)
723 3265 751 3312 et
773 3262 795 3311 G
819 3263 846 3311 in
871 3276 898 3314 n.
911 3259 954 3325 s*,
980 3261 1080 3326 quibus
1103 3261 1174 3313 adde
1198 3265 1330 3327 punctum
1357 3264 1384 3312 in
1402 3275 1431 3312 n.
1446 3259 1478 3310 e*
1495 3265 1616 3313 extrema
1638 3265 1713 3328 parte

369 3349 484 3401 adversa
501 3349 629 3414 positum.
650 3373 682 3384 -
700 3347 753 3398 Sed
771 3347 908 3398 accedunt
924 3347 978 3398 alia
997 3347 1111 3408 indicia,
1138 3360 1208 3412 quae
1227 3347 1324 3398 malam
1344 3345 1426 3398 fldem
1444 3359 1557 3412 prorsus
1574 3351 1710 3398 evincant.

371 3435 518 3486 Glandinm
536 3447 562 3483 ιι,
580 3428 621 3484 4“.
633 3431 676 3483 74,
690 3429 731 3484 ⁹⁸.
748 3430 808 3484 ⁴⁰⁸.
825 3431 883 3483 ⁴³⁴⁸.
900 3432 950 3483 is*
961 3432 1105 3498 plumbum
1118 3431 1233 3483 informe
1252 3435 1295 3482 est
1312 3433 1384 3482 sicut
1398 3433 1424 3482 in
1443 3433 1568 3497 genuinis
1586 3433 1715 3483 mutilatis

370 3523 398 3571 et
412 3522 503 3571 tamen
515 3521 655 3585 inscriptio
669 3521 771 3582 integra
784 3522 885 3578 exstat;
906 3523 1000 3570 contre
1013 3518 1111 3570 harum
1130 3531 1156 3570 n.
1168 3514 1210 3568 ll.
1231 3515 1273 3568 δ’.
1296 3513 1345 3567 wl
1363 3516 1507 3583 plumbum
1525 3530 1590 3568 eum
1608 3518 1713 3583 glandis

370 3606 488 3658 formam
506 3607 533 3656 et
550 3607 738 3668 symmetriam
762 3605 869 3668 plenam
894 3604 1035 3668 exhibeat,
1063 3606 1204 3670 inscriptio
1222 3618 1320 3656 manca
1337 3608 1388 3655 est.
1424 3604 1547 3664 Quorum
1566 3606 1712 3670 utrumque

371 3694 399 3743 in
417 3693 534 3756 genuina
552 3689 648 3755 glande
666 3688 766 3742 lactum
784 3694 827 3742 est
844 3690 932 3754 nulla,
960 3692 988 3741 in
1006 3692 1107 3756 spuriis
1125 3695 1215 3742 antem
1235 3689 1314 3742 facile
1332 3689 1491 3756 explicatur.
1528 3689 1624 3754 Atqui,
1651 3703 1713 3742 cnm

371 3778 438 3829 baec
455 3779 540 3828 series
556 3789 639 3827 unam
657 3779 738 3841 atque
756 3775 872 3828 eandem
890 3775 1028 3828 ollieinem
1045 3777 1188 3830 manifeste
1206 3777 1311 3843 prodat,
1332 3777 1374 3828 vel
1387 3776 1422 3826 ob
1440 3775 1493 3827 boc
1504 3775 1594 3826 solum
1609 3779 1714 3828 ceterae

371 3876 480 3928 quoque
498 3875 553 3913 non
566 3863 657 3912 minus
670 3875 750 3926 qnam
769 3874 868 3912 novem
887 3862 949 3913 illae
967 3863 1191 3915 condemnandae
1209 3865 1282 3915 sunt.
1295 3890 1330 3900 -
1343 3862 1445 3914 Deinde
1458 3861 1494 3912 ad
1505 3861 1715 3927 inscriptionum

371 3949 492 4014 ipsarum
510 3946 631 3998 indolem
644 3947 851 3998 examinandam
870 3961 1031 4013 progressus
1049 3963 1120 4000 sum.
1162 3949 1268 4009 Quibus
1285 3949 1442 4014 compositis
1460 3949 1487 3998 et
1504 3949 1574 3998 inter
1591 3961 1622 3998 se
1640 3962 1715 4000 com-

372 4034 473 4100 paratis
498 4031 618 4083 intellexi
638 4045 693 4083 une
717 4037 829 4096 excepte
849 4048 876 4084 n.
891 4033 923 4081 t*
943 4035 1006 4095 ltcl,
1033 4048 1104 4099 quae
1128 4035 1186 4100 ipsa
1215 4039 1306 4101 specle
1330 4039 1441 4086 externa
1465 4030 1590 4083 fraudem
1613 4034 1713 4098 prodit,

371 4118 474 4170 nullam
494 4119 520 4167 in
534 4119 650 4182 genuina
667 4118 765 4183 glande
783 4117 924 4184 hucusque
942 4119 1050 4183 lectam,
1071 4121 1227 4185 complures
1245 4123 1336 4172 eutem
1355 4122 1389 4170 ite
1407 4121 1579 4183 comparatas
1597 4131 1665 4182 esse,
1686 4123 1716 4170 ut

372 4217 421 4272 per
433 4218 462 4256 se
480 4217 615 4256 summam
628 4206 810 4270 suspicionem
824 4206 1019 4258 moverentvel
1037 4220 1150 4272 prorsus
1165 4208 1336 4260 damnandae
1355 4207 1454 4258 essent.
1491 4203 1640 4254 Videamus
1658 4205 1715 4256 sin-

372 4291 458 4356 gulas.
496 4289 574 4350 Quod
593 4291 620 4340 in
639 4304 666 4342 n.
682 4288 732 4340 ii*
750 4294 852 4354 exstat,
878 4293 944 4355 sert,
976 4293 1074 4356 legitur
1095 4294 1206 4358 quidem
1224 4296 1253 4344 in
1277 4295 1402 4358 genuinis
1426 4289 1534 4351 multis,
1567 4303 1715 4355 numquam

372 4380 464 4428 tamen
483 4388 537 4426 non
560 4375 652 4427 addito
677 4378 835 4428 accusativo
858 4377 916 4441 (seri
934 4379 1084 4442 amorium
1101 4393 1129 4432 n.
1145 4383 1174 4441 li,
1198 4381 1251 4443 [eri
1269 4380 1323 4431 Pio.
1344 4393 1371 4430 n.
1388 4381 1441 4440 is).
1485 4375 1596 4426 Ceterae
1621 4387 1715 4426 omnes

372 4462 565 4527 inscriptiones
583 4461 675 4513 adhuc
693 4475 747 4514 non
766 4466 889 4529 repertae
911 4469 975 4514 sunt
993 4465 1044 4516 nisi
1069 4466 1095 4516 in
1114 4466 1164 4533 bis,
1181 4465 1382 4531 exemplaribus
1406 4459 1598 4527 singularibus.
1641 4461 1713 4522 Qua·

374 4560 436 4598 rum
448 4547 535 4612 prime
555 4559 581 4596 n.
597 4544 629 4596 i*
648 4547 729 4598 horno
747 4549 859 4613 repetita
878 4551 920 4600 est
931 4562 964 4600 ex
978 4547 1043 4600 lalsa
1056 4549 1172 4601 lectione
1184 4551 1288 4615 glandis
1303 4550 1452 4602 Asculanos
1463 4560 1512 4613 pro
1535 4559 1616 4604 loier
1645 4550 1714 4616 (vide

372 4634 407 4684 ad
425 4647 452 4685 n.
468 4637 483 4682 9
501 4647 528 4700 p.
543 4633 597 4696 44).
635 4633 696 4685 Non
716 4633 837 4685 melioris
855 4633 925 4699 frugi
943 4637 984 4686 est
1000 4635 1095 4701 heptas
1113 4637 1192 4689 haec:

527 4735 616 4800 449440)
636 4735 664 4786 ΙΙ
680 4737 793 4798 ltcl(icn)
813 4735 844 4785 t*

527 4822 615 4885 llepic)
634 4822 662 4872 11
678 4823 790 4884 ltutlicc)
809 4819 843 4873 t*

527 4908 594 4970 lepte
616 4907 637 4958 V
653 4909 843 4969 macedonico)
859 4910 929 4971 pan)
945 4909 1035 4972 [ellici
1055 4907 1086 4957 e*

528 4993 614 5056 449440)
640 4993 671 5043 Vl
687 4994 813 5056 Horren)
833 4992 865 5043 s*

527 5078 616 5142 lisgto)
637 5079 690 5129 Xll
703 5080 866 5142 fulminato)
887 5079 935 5129 444*

529 5164 617 5228 t(egto)
638 5165 726 5216 XVIII
738 5169 840 5230 mmai
860 5164 909 5215 ii*

529 5250 619 5314 444940)
639 5251 716 5302 XXX
738 5253 832 5315 Vllpic)
850 5255 970 5314 v(ictric,¹
993 5253 1038 5302 ti·
