3702 5962
692 561 892 612 natussum.
1332 572 1468 622 XXXVII

204 734 276 795 lano
304 733 523 795 testimonium
557 731 598 815 (4.
625 751 681 795 nos
711 753 743 814 p.
764 733 793 815 5)
827 743 859 796 et
888 743 1015 815 praeter
1043 733 1175 815 glandes
1205 754 1301 817 supra
1331 738 1466 818 scriptas

206 837 395 900 memoravit
423 834 503 898 duas
527 835 698 916 inscriptas
720 854 751 898 n.
771 837 823 915 24,
844 857 870 900 ro
891 847 923 899 et
945 836 997 916 27,
1016 857 1029 899 4
1053 846 1084 898 et
1109 827 1196 900 ‘alies
1218 838 1318 901 literis
1340 839 1469 922 higien-

203 929 309 1018 tibus',
342 957 423 1020 quas
450 939 532 1001 sieut
560 937 631 1000 illas
654 956 687 998 n.
713 939 745 1019 9,
768 959 796 1000 44
818 948 850 1000 44
871 958 899 1001 44
921 939 1035 1000 Romae
1065 937 1153 1019 apud
1174 940 1402 1004 Lancellottum
1425 942 1466 1005 de

202 1041 403 1104 Lanoellottis
426 1041 597 1123 patricium
620 1039 816 1103 Asculanum
839 1059 874 1103 se
897 1040 1017 1104 vidisse
1040 1049 1188 1104 testetur.

122 1146 235 1208 Walter
258 1146 402 1208 flierrrs
425 1145 458 1205 in
473 1140 700 1224 Archaeologia
715 1142 919 1207 Londiniensi
942 1144 1005 1207 vol.
1022 1144 1146 1224 XXXIl,
1166 1143 1260 1224 4847,
1286 1165 1318 1226 p.
1338 1147 1377 1206 96
1391 1165 1463 1228 sqq.

201 1247 241 1310 de
265 1247 430 1328 glandium
454 1265 514 1310 usu
536 1243 689 1310 disseruit
709 1243 768 1308 sed
789 1247 930 1310 Latinam
954 1247 1195 1327 inscriptionem
1217 1265 1280 1310 non
1304 1248 1462 1314 exhihuit.

201 1349 364 1424 Quaedam
387 1356 497 1412 narrat
518 1350 598 1410 mira
621 1347 815 1430 aliundeque
837 1349 932 1432 plane
956 1348 1109 1430 inaudita,
1135 1359 1172 1413 ut
1193 1368 1280 1412 mero
1295 1353 1465 1415 memoriae

201 1470 308 1515 errore
324 1451 411 1515 illata
435 1470 504 1514 esse
519 1459 624 1532 putes.
664 1451 741 1513 Eius
763 1449 889 1531 generis
911 1460 985 1514 sunt
999 1451 1063 1514 duo
1086 1470 1168 1532 quae
1183 1473 1215 1534 p.
1237 1453 1297 1514 405
1317 1463 1461 1535 testetur,

200 1557 292 1638 prius
308 1554 486 1618 Florentiae
506 1555 679 1617 maximum
696 1553 861 1635 glandium
884 1571 1054 1617 numerum
1077 1563 1239 1635 repertum
1262 1574 1332 1618 esse
1354 1554 1465 1637 ibique

200 1658 333 1720 fortasse
349 1658 632 1720 armamentarium
653 1646 824 1738 (Arseccl’)
851 1655 964 1734 iuisse;
992 1656 1192 1738 alterumque
1209 1657 1281 1730 hoe,
1308 1658 1341 1720 in
1356 1659 1467 1740 Erycis

202 1760 321 1839 ruinis,
348 1759 527 1840 altrepano
550 1761 705 1823 orientem
727 1777 842 1823 versus
864 1759 945 1834 sitis,
971 1758 1104 1840 glandes
1126 1768 1269 1840 repertas
1292 1779 1361 1823 esse
1384 1779 1467 1824 non-

201 1863 307 1925 nullas
330 1849 616 1942 imprecationibus
634 1863 823 1943 inscriptas,
850 1879 899 1923 ex.
927 1879 974 1942 gr.
999 1851 1088 1943 ‘pour
1109 1860 1199 1924 beart
1216 1861 1270 1943 for
1293 1855 1463 1944 sertem,

200 1963 320 2028 librum
344 1965 445 2026 citans
467 1963 602 2046 Smythii
625 1963 720 2045 Sicily
742 1984 774 2045 p.
794 1963 872 2042 242,
904 1982 966 2044 quo
989 1971 1095 2026 tamen
1125 1963 1206 2026 hane
1228 1965 1467 2044 inscriptionem

201 2087 265 2130 non
288 2066 434 2129 exhiberi
458 2067 600 2147 inspecto
624 2065 705 2128 libro
728 2067 805 2128 mihi
827 2074 963 2129 testatus
985 2073 1035 2128 est
1055 2062 1220 2147 Augustus
1243 2067 1433 2130 Wilmanns.

122 2187 226 2267 loseph
250 2205 282 2249 4.
308 2187 445 2266 Herma,
479 2185 603 2269 Gctclop
632 2186 688 2248 der
715 2186 901 2268 Vereiaipten
933 2185 1161 2267 Sommlunpeo.
1191 2185 1229 2247 N.
1249 2185 1278 2247 4.
1310 2187 1466 2250 llttnchen

202 2290 298 2350 4845.
338 2289 481 2370 Inspexit
503 2291 536 2352 in
558 2308 653 2352 usum
676 2307 783 2352 meum
806 2287 983 2351 Guilelmus
1006 2286 1123 2351 Christ.

122 2425 216 2470 -‚
246 2389 516 2473 Oberboyert'scbes
538 2386 653 2455 44444444
674 2391 728 2453 Vll
756 2388 875 2473 (l8l6).

121 2531 215 2576 ——-‚
243 2497 306 2558 Dos
320 2494 477 2558 lltmiscbe
490 2497 625 2577 Bagam,
650 2495 683 2556 5.
701 2489 837 2577 44414494,
863 2493 1019 2556 llttnehen
1045 2493 1139 2557 4852.
1157 2529 1200 2540 -
1216 2494 1251 2555 ln
1277 2494 1326 2556 his
1348 2495 1466 2558 libellis

201 2597 348 2662 exhibuit
363 2596 495 2679 glandes
516 2598 620 2661 musei
643 2596 717 2658 olim
732 2596 953 2675 Dcdwelliani,
980 2594 1038 2659 sed
1060 2595 1214 2660 lectiones
1235 2605 1357 2660 tantum
1373 2597 1466 2662 modo

201 2719 241 2762 ex
263 2702 333 2764 eius
358 2701 497 2782 catalogo
527 2696 610 2779 (vide
633 2699 755 2776 Norica)
782 2698 962 2779 exscripsit.

120 2803 291 2868 Guilelmus
324 2804 445 2865 4444444444
480 2803 514 2864 in
547 2801 657 2865 Orellii
691 2801 938 2881 Inscriptionum
973 2800 1035 2862 vol.
1061 2800 1101 2861 111
1124 2801 1260 2862 nesae
1295 2802 1465 2866 nonnullas

202 2905 334 2988 glandes
356 2925 397 2968 ex
418 2904 542 2967 llinieio
565 2902 713 2966 exhibet.

120 3009 268 3072 Aemilius
290 3009 444 3070 4444444444.
490 3004 570 3070 Vide
591 3006 718 3069 Corrrs.

121 3114 347 3174 44444444444444
370 3110 423 3174 des
445 3109 514 3173 bist.
545 3111 668 3172 Vereins
690 3109 723 3172 in
745 3106 983 3189 Mittelsroolteo.
1032 3108 1110 3171 Vide
1134 3111 1267 3170 Prrsrsa.

120 3217 161 3278 lm
182 3233 280 3278 neuen
302 3211 404 3277 4444444.
443 3213 572 3294 Leipzig
596 3211 677 3273 4875
702 3213 763 3274 vol.
789 3210 825 3272 ll.
873 3209 952 3273 Vide
973 3212 1132 3273 Monam.

120 3319 189 3380 Otto
210 3319 340 3380 84444444.
387 3312 468 3379 Vide
490 3316 671 3396 n.8l*,1o.
951 3303 954 3310 ⁴

120 3420 213 3484 Olaus
234 3421 446 3480 8444444444.
493 3417 573 3482 Vide
596 3417 636 3481 ad
659 3437 691 3479 n.
718 3415 770 3498 77,
791 3437 813 3479 4.

121 3523 254 3586 ltenatus
291 3523 462 3602 Kaxvrnsn,
506 3519 559 3584 des
592 3519 765 3601 projectiles
799 3517 1117 3600 cylindro-coniceret
1154 3536 1193 3580 ou
1226 3535 1263 3579 eo
1297 3518 1376 3581 olive
1409 3519 1460 3582 de

199 3627 270 3706 pais
293 3625 311 3686 l
336 3623 484 3705 antiquitt
497 3621 625 3706 jusqu'd
645 3639 701 3685 nos
717 3621 818 3701 jours,
852 3622 898 3683 in:
923 3622 1022 3683 llevue
1045 3619 1179 3684 archeol.
1204 3639 1266 3684 ser.
1293 3622 1311 3682 8
1336 3631 1411 3685 tom.
1438 3623 1465 3686 ll

208 3725 313 3808 (4883)
339 3746 374 3807 p.
393 3723 564 3788 284-287
588 3733 619 3788 et
647 3723 713 3788 tab.
732 3724 839 3788 XXIV.
898 3720 1008 3785 Edidit
1040 3722 1164 3805 lapides
1193 3723 1348 3803 missiles,
1385 3743 1466 3805 quos

204 3829 362 3892 Gallorum
385 3826 484 3891 luisse
506 3827 632 3908 statuit,
671 3836 704 3890 et
733 3825 773 3889 de
801 3825 900 3889 lcrma
929 3826 1065 3889 telorum
1095 3826 1266 3889 missilium
1293 3835 1356 3889 tam
1384 3829 1466 3890 anti-

202 3949 456 4013 quorumquam
481 3931 695 3993 recentiorum
718 3930 811 3992 olivis
833 3930 885 3992 444
907 3928 1077 4010 glandibus
1100 3929 1252 3993 similium
1276 3929 1462 4013 disputavit,

203 4034 347 4115 Semperi
370 4042 476 4095 tamen
498 4032 644 4096 libellum
667 4051 730 4094 non
759 4031 907 4095 afferens.
954 4031 1094 4095 Glandes
1115 4033 1272 4096 Romanae
1294 4034 1466 4116 imaginem

203 4154 264 4198 non
288 4134 329 4199 ed
351 4155 454 4198 unum
477 4153 517 4196 ex
539 4135 734 4218 archetypis,
761 4153 843 4216 quae
865 4134 1024 4216 permulta
1053 4143 1189 4213 exstant,
1216 4134 1377 4218 exhibuit,
1408 4135 1465 4200 sed

206 4256 244 4300 ex
272 4235 312 4301 Α.
337 4237 440 4299 llichii
469 4239 571 4300 lexico
600 4238 831 4318 arehaeologieo
860 4236 894 4298 in
921 4235 1032 4300 tabula
1059 4239 1190 4320 repetiit
1223 4237 1388 4320 (inscripta
1417 4247 1466 4302 est

203 4339 279 4424 444),
307 4359 366 4403 nec
389 4348 475 4403 reete
499 4341 622 4421 putavit
644 4359 662 4402 a
684 4340 793 4402 llichio
816 4339 979 4422 archetypi
1002 4339 1253 4421 magnitudinem
1276 4359 1464 4422 repraesen-

203 4451 298 4506 tatem
322 4461 404 4524 esse,
429 4461 502 4505 enm
524 4442 557 4506 id
581 4441 680 4504 fuisse
702 4441 816 4505 debeat
838 4441 958 4505 moduli
979 4442 1065 4505 haud
1087 4443 1191 4525 paullo
1215 4442 1352 4505 maioris.

119 4543 280 4626 Augustus
303 4546 451 4608 8444444444.
499 4543 578 4608 Vide
601 4564 633 4608 n.
651 4545 693 4607 26
716 4555 782 4608 not.
808 4552 841 4607 et
864 4545 937 4625 lll,
956 4565 981 4607 s.

120 4644 268 4710 liudolfus
290 4649 444 4711 Lincnru.
492 4647 572 4711 Vide
595 4667 627 4710 n.
647 4646 699 4727 77,
720 4668 743 4711 4.

119 4751 264 4812 44444444.
311 4749 392 4813 Vide
414 4753 521 4812 anrr.

121 4849 293 4916 Ludovieus
314 4854 546 4917 errnmscmur.
594 4852 673 4916 Vide
696 4871 727 4914 n.
756 4854 825 4932 66⁸⁶,
843 4873 868 4916 s.

122 4952 227 5015 lustus
246 4956 377 5036 ersrrs,
404 4956 614 5036 Poliorcetica,
639 4953 832 5036 Antverpiae
857 4954 951 5015 4605.
999 4952 1093 5015 Libro
1109 4953 1148 5016 IV
1170 4954 1235 5015 c.3
1260 4962 1343 5017 extr.
1370 4955 1467 5036 quin-

206 5073 268 5135 que
291 5057 426 5139 glandes
449 5058 596 5138 exhibet,
620 5049 714 5139 ‘quee
737 5075 843 5140 nuper
864 5063 1010 5138 repertae
1032 5064 1106 5118 sunt
1128 5075 1228 5138 prope
1243 5055 1406 5138 Asculum,
1432 5059 1466 5121 in

204 5151 501 5243 flumineTriunto',
529 5161 557 5244 4)
577 5180 610 5223 n.
630 5161 688 5242 48,
720 5161 749 5244 2)
777 5178 807 5223 n.
825 5162 855 5238 4,
875 5181 898 5239 4,
925 5158 955 5239 3)
971 5175 1004 5220 n.
1027 5159 1077 5237 46,
1097 5181 1119 5240 4,
1147 5159 1177 5242 4)
1204 5161 1306 5241 4488,
1346 5159 1374 5244 5)
1402 5179 1465 5224 non

206 5259 399 5346 inscriptam.
454 5265 598 5326 Formam
621 5262 798 5345 faciemque
828 5261 993 5344 glandium
1016 5262 1056 5326 ad
1077 5282 1186 5326 veram
1211 5261 1463 5345 magnitudinem
