3776 5966
349 555 421 627 100
854 565 1010 614 8888888
1030 565 1182 616 severae.

344 759 473 810 videlicet
490 759 544 810 1888
561 759 684 824 agentes,
703 761 735 808 ut
752 756 866 821 glandes
884 768 947 806 suaa
966 757 1092 820 antiquas
1110 767 1170 806 esse
1189 757 1314 821 empturo
1332 756 1546 821 persuaderent;
1573 759 1601 806 et
1618 757 1697 820 glan-

345 846 393 898 des
412 846 487 910 ipsae
505 857 571 896 sane
592 845 656 895 sunt
674 844 810 908 antiquae.
822 868 858 878 -
870 842 992 906 Denique
1010 855 1034 892 a.
1055 845 1119 891 1877
1140 839 1212 892 idem
1225 841 1404 892 Venturinius
1422 855 1482 894 sese
1501 843 1614 906 glandes
1631 847 1694 896 8818

342 934 398 982 tres
410 933 573 996 quattuorve
591 943 678 982 anuos
697 929 843 980 effossione
861 941 877 978 a
895 939 925 978 ae
943 925 1015 979 iacta
1033 929 1156 992 repertas
1168 927 1285 978 Parisios
1304 927 1461 978 vendidisse
1480 929 1547 979 mihi
1560 931 1691 985 narravit.

414 1018 451 1067 lte
465 1029 528 1068 eum
540 1013 681 1067 erroribus
698 1014 835 1066 editorum
854 1015 912 1064 tum
925 1013 1120 1079 negotiantium
1139 1012 1283 1064 1888811888
1301 1014 1428 1064 immanis
1446 1013 1614 1079 perturbatio
1632 1018 1697 1068 uni·

345 1115 456 1155 versum
469 1103 679 1168 inscriptionum
693 1112 778 1164 genus
790 1100 942 1165 occupavit.
969 1099 1112 1164 inscriptio
1125 1099 1256 1163 genuina,
1275 1101 1305 1149 ut
1321 1110 1414 1162 88888,
1434 1099 1524 1150 881188
1536 1101 1608 1152 male
1626 1102 1695 1154 lecta

345 1191 463 1249 diverse,
483 1188 565 1239 modo
585 1197 691 1259 norea,
712 1184 795 1236 modo
814 1195 916 1252 cotue,
939 1183 1020 1235 modo
1039 1194 1143 1251 το8881;
1166 1184 1268 1236 18188811
1287 1185 1337 1236 1888
1356 1186 1493 1237 editorum
1512 1201 1619 1239 errores
1637 1191 1696 1242 sive

344 1275 452 1326 ficticiis
469 1275 527 1324 sive
545 1275 669 1338 genuinis
686 1271 829 1337 glandibus
848 1271 980 1333 inierunt,
1000 1275 1031 1322 ut
1048 1273 1102 1322 iam
1115 1284 1211 1323 omnes
1228 1270 1289 1322 illae
1302 1271 1434 1325 lectiones
1446 1273 1528 1324 181888
1540 1277 1567 1325 18
1580 1276 1694 1342 81888188

344 1374 453 1428 quoque
471 1361 654 1424 reperiantur,
675 1359 726 1410 hae
739 1358 821 1409 falsae
835 1358 948 1422 glandes
962 1373 1012 1424 pro
1024 1359 1150 1423 genuinis
1163 1357 1298 1408 habentur
1310 1361 1337 1409 et
1348 1358 1476 1422 eduntur,
1490 1360 1696 1426 8888881888-

343 1448 408 1500 dam
420 1445 573 1497 editoribus
586 1447 676 1497 danuo
689 1459 830 1512 perperam
844 1446 980 1509 leguntur,
995 1448 1025 1496 ut
1043 1453 1163 1498 0888081
1181 1442 1382 1506 1188188818188,
1406 1454 1547 1500 osseisve
1565 1449 1696 1513 Barglius

342 1531 493 1583 effecerunt
511 1545 544 1582 ex
573 1541 713 1592 onasum
734 1532 938 1596 inscriptionem
952 1544 986 1580 ex
1015 1540 1182 1584 u·a·cauvu
1204 1528 1295 1580 flotam
1307 1545 1323 1580 a
1335 1529 1443 1582 18188818
1456 1531 1527 1583 18888
1543 1543 1695 1590 cuvlauvn

344 1618 415 1670 male
427 1618 551 1681 legarunt
568 1628 718 1672 clavatuvs
736 1615 936 1681 Desjardinius,
957 1627 1073 1671 80818188
1089 1627 1146 1670 ivit
1165 1616 1310 1682 Berglius;
1331 1617 1451 1682 denique
1462 1619 1598 1672 eiusmodi
1612 1619 1694 1672 talsaa

343 1704 474 1757 falsarum
496 1703 628 1755 lectiones
650 1703 685 1754 ab
709 1704 807 1755 eodem
830 1703 938 1754 falsario
963 1704 991 1752 in
1015 1702 1159 1767 glandibus
1183 1702 1273 1754 denuo
1298 1704 1471 1755 excuduntur
1496 1696 1634 1777 (0888108
1668 1713 1695 1760 81

341 1779 517 1864 cunibus).
555 1789 678 1841 Proiecto
691 1791 719 1841 in
732 1790 808 1841 nullo
820 1789 874 1841 alio
893 1789 1103 1855 inscriptionum
1121 1801 1220 1852 genere
1232 1792 1260 1838 et
1271 1788 1486 1841 describentium
1498 1792 1693 1859 edentiumque

341 1877 421 1944 culpa
440 1878 468 1926 et
485 1874 657 1927 falsariorum
675 1874 770 1926 188888
788 1887 913 1926 errorum
930 1887 1052 1940 propago
1071 1887 1202 1938 umquam
1220 1873 1302 1926 letius
1320 1877 1413 1940 patuit.

411 1963 486 2024 Quae
510 1963 629 2014 oum'iia
647 1963 717 2024 sint,
745 1962 857 2012 omnino
875 1959 1057 2012 diffidendum
1081 1961 1134 2012 erit
1157 1960 1285 2012 omnibus
1308 1961 1449 2026 glandium
1468 1963 1693 2030 inscriptionibus

342 2051 394 2100 nisi
411 2048 532 2115 prolatae
550 2050 631 2100 erant
647 2048 682 2100 ab
701 2061 743 2111 eo,
759 2061 847 2112 quem
859 2046 990 2098 didicisse
1008 2049 1115 2098 constet
1132 2046 1168 2098 da
1185 2045 1228 2097 1818
1246 2046 1329 2098 rebus
1347 2051 1420 2099 recte
1439 2049 1571 2110 iudicere;
1593 2051 1694 2103 deinde

342 2136 394 2188 hoc
412 2134 562 2187 tenendum
580 2136 649 2198 erit,
676 2148 758 2186 88888
782 2146 920 2198 quamque
938 2131 1062 2184 eiusdem
1081 2133 1194 2197 originis
1211 2134 1324 2196 seriem,
1350 2135 1377 2184 in
1401 2149 1454 2200 qua
1478 2149 1532 2186 uua
1558 2135 1624 2188 18188
1643 2138 1694 2190 de·

340 2222 476 2287 prehensa
493 2222 544 2284 811,
563 2223 722 2272 universam
741 2224 797 2270 tam
815 2219 864 2271 diu
881 2219 1036 2284 suspectam
1052 2231 1113 2269 essa
1131 2217 1294 2282 habendam,
1315 2220 1404 2271 donec
1422 2219 1457 2270 ab
1475 2220 1586 2272 homine
1605 2223 1693 2287 888118

341 2307 454 2372 glandes
472 2308 546 2373 ipsae
566 2306 734 2357 examinatae
752 2306 819 2367 sint,
838 2303 872 2356 ct.
893 2318 963 2370 quaa
982 2303 1038 2355 dixi
1057 2305 1083 2354 in
1101 2315 1202 2358 comm.
1223 2305 1288 2355 min.
1309 2306 1386 2359 acad.
1409 2309 1475 2356 1878
1494 2321 1521 2372 p.
1537 2311 1580 2358 78.

410 2393 451 2445 hd
475 2392 668 2457 inscriptiones
692 2391 918 2460 Vinceuzinianas
944 2390 1161 2454 investigandas,
1191 2390 1381 2456 explicandas,
1411 2393 1611 2446 describendas
1637 2409 1696 2446 non

340 2493 476 2532 minorem
494 2491 588 2529 curam
601 2476 704 2528 8881811
722 2491 805 2542 quam
829 2478 853 2528 ei
871 2477 998 2541 antiquae
1016 2481 1118 2538 essent,
1138 2490 1202 2528 narn
1221 2477 1273 2527 1888
1291 2483 1411 2529 8818888
1433 2493 1546 2544 operam
1565 2480 1690 2546 perdere,

341 2580 424 2634 prava
443 2566 511 2618 18888
530 2567 685 2616 commenta
704 2564 875 2627 neclegenter
893 2562 1075 2614 examinando
1093 2564 1122 2612 in
1134 2565 1213 2628 peius
1225 2563 1388 2629 depravare;
1411 2578 1495 2629 aquo
1508 2579 1571 2616 cum
1585 2569 1692 2632 priores

341 2666 406 2705 sane
430 2665 485 2703 nou
511 2653 576 2704 eatis
599 2651 748 2711 cavissent,
774 2663 806 2700 ea
830 2663 914 2714 quem
937 2661 1020 2714 supra
1043 2633 1196 2712 significavi
1220 2648 1380 2702 contusione
1405 2651 1458 2702 1888
1483 2652 1692 2718 inscriptionum

339 2753 425 2804 genus
443 2737 684 2804 perturbaverant,
705 2748 760 2787 nun
779 2736 837 2786 aine
857 2749 965 2786 summo
984 2747 1071 2800 ecque
1090 2734 1216 2801 improbo
1234 2735 1328 2787 labore
1346 2734 1426 2788 nobis
1441 2739 1492 2789 iam
1513 2739 1691 2805 expedienda.

339 2827 373 2876 nt
391 2839 456 2876 vero
475 2823 613 2888 religionis
632 2827 711 2884 88881,
730 2822 757 2871 18
777 2821 957 2887 inprimandie
975 2820 1017 2872 bis
1025 2819 1044 2884 1)
1066 2821 1177 2886 quidem
1191 2820 1333 2873 iraudibue
1351 2823 1388 2874 ita
1406 2825 1527 2888 versari,
1547 2826 1694 2877 8111118818

341 2911 501 2964 maiusculis
526 2911 629 2973 integra
654 2907 750 2959 mutila
778 2919 841 2958 curn
866 2904 994 2958 omnibus
1022 2908 1175 2974 scripturae
1199 2909 1321 2958 minutiis
1344 2912 1473 2962 accurate
1504 2915 1692 2976 repraesente-

340 3001 444 3058 reutur,
464 3009 497 3048 ac
514 2995 637 3062 putidam
656 2993 776 3059 88818818
793 2993 900 3043 8188888
917 2992 1087 3057 diligentiam
1106 2995 1132 3044 18
1151 2994 1194 3044 1818
1211 2993 1294 3045 talem
1312 2994 1481 3058 collocatam,
1502 2998 1604 3063 quippe
1622 3011 1693 3062 quae

339 3083 374 3136 ab
392 3084 491 3134 harum
510 3082 718 3147 inscriptionum
731 3080 818 3145 pretio
831 3077 992 3130 abhorreret
1005 3091 1057 3131 888
1074 3080 1113 3131 881
1131 3080 1182 3146 1881
1202 3081 1244 3131 vel
1262 3080 1357 3132 lectori
1372 3081 1548 3136 conduceret.
1588 3084 1693 3150 Nempe

339 3171 391 3221 1888
409 3169 528 3220 88111888
547 3168 575 3220 18
595 3167 700 3232 agitur,
724 3168 820 3216 81888
840 3165 1040 3230 inscriptiones,
1065 3178 1134 3229 quae
1152 3165 1187 3216 ad
1210 3166 1264 3218 hoc
1281 3180 1368 3232 genus
1392 3165 1521 3218 falsarum
1541 3171 1688 3234 pertinent,

338 3255 501 3319 colligantur
524 3257 551 3306 81
573 3254 698 3320 priorum
720 3249 862 3302 erroribus
885 3251 997 3302 remotis
1019 3255 1094 3303 88818
1119 3251 1205 3303 188188
1224 3252 1414 3313 exhibeantur,
1435 3255 1604 3320 omninoque
1622 3256 1690 3307 haec

338 3344 452 3393 materia
471 3341 507 3391 ita
524 3343 706 3406 proponatur,
733 3340 765 3388 ut
782 3351 813 3389 ea
830 3337 873 3388 usi
892 3335 1002 3388 fraudes
1026 3350 1192 3401 cognoscere
1216 3338 1251 3389 ab
1276 3339 1365 3403 iisque
1382 3351 1479 3390 cavere
1497 3343 1613 3405 possint.
1654 3342 1692 3392 lis

339 3429 432 3478 autem
450 3427 514 3487 hae,
536 3439 589 3490 qua
601 3437 669 3475 usus
686 3435 747 3474 euru
761 3424 866 3474 ratione
884 3422 956 3486 (ride
974 3437 1045 3488 quae
1063 3437 1089 3490 p.
1107 3427 1154 3474 117
1174 3426 1237 3476 aute
1262 3437 1289 3476 8.
1301 3423 1351 3474 et*
1370 3425 1482 3488 notavi),
1510 3426 1590 3490 81888
1610 3431 1692 3478 satis-

338 3513 438 3564 lactum
463 3524 522 3564 8888
541 3509 659 3561 conlido.
703 3509 741 3559 lta
765 3508 911 3562 commodo
936 3523 1046 3574 quoque
1072 3508 1182 3560 lectoris
1205 3510 1344 3561 consuluit
1362 3511 1451 3562 188188
1470 3512 1609 3572 88818818,
1637 3526 1691 3577 quo

338 3600 429 3650 omnia
449 3597 572 3648 eiusdem
591 3595 777 3660 inscriptionis
795 3595 960 3660 exemplaria
979 3597 1130 3661 composite
1149 3597 1221 3647 8881.
1241 3622 1276 3632 -
1295 3597 1419 3647 Priorum
1438 3597 1589 3660 editorum,
1609 3611 1692 3664 prae-

338 3686 418 3752 cipue
437 3683 615 3747 1188888818ἰί,
640 3684 668 3732 18
694 3680 816 3743 legendis
840 3682 1066 3746 inscriptionibus
1088 3695 1196 3733 errores
1213 3681 1269 3733 tere
1289 3696 1343 3733 non
1355 3682 1450 3745 attuli,
1469 3684 1531 3749 quia
1546 3684 1692 3750 hooplane

337 3784 400 3822 are
419 3771 476 3835 ipsa
495 3773 522 3821 et
540 3769 679 3835 proposito
697 3768 793 3817 888188
816 3767 936 3819 alienum
962 3770 1013 3820 est.
1055 3769 1184 3832 siquem
1208 3771 1299 3820 tamen
1318 3769 1431 3830 iuvabit,
1456 3772 1551 3822 nostro
1576 3769 1691 3821 elencho

338 3870 402 3909 cum
423 3856 544 3907 editione
569 3855 643 3907 itlius
666 3855 823 3918 comparato
844 3851 924 3905 iecile
948 3853 1105 3920 intellegere
1123 3856 1237 3918 poterit,
1266 3868 1336 3920 quae
1354 3857 1415 3907 eius
1432 3856 1626 3921 inscriptiones
1643 3857 1692 3906 aut

338 3944 416 3995 aliter
442 3941 571 4006 legendae
601 3940 656 3990 8181
680 3941 728 3989 881
745 3939 857 3990 omniuo
883 3939 972 3991 nullae
997 3931 1157 4004 8181181888,
1177 3954 1231 4006 quo
1255 3942 1290 3992 de
1315 3941 1368 3992 iam
1388 3944 1495 4003 monui,
1526 3942 1627 3994 multas
1644 3941 1690 3992 ille

338 4029 438 4088 edidit,
467 4027 516 4078 uhi
539 4039 572 4076 ne
598 4027 718 4076 incertae
744 4025 856 4091 quidem
885 4026 1010 4079 lectionis
1035 4027 1150 4090 vestigia
1175 4028 1302 4092 exstant);
1335 4032 1474 4093 praeterea
1498 4029 1641 4094 inspiciat,
1667 4028 1690 4078 si

337 4115 413 4176 velit,
434 4113 572 4178 specimen
591 4124 715 4162 errorum
733 4111 912 4173 Desjerdinii,
932 4113 1006 4178 quod
1024 4111 1137 4163 exhibui
1156 4114 1183 4163 in
1202 4126 1302 4166 comm.
1321 4115 1420 4165 minor.
1434 4114 1509 4166 acad.
1525 4114 1691 4166 1188811878

335 4216 362 4268 p.
377 4201 521 4252 tit-tit.
538 4225 574 4234 -
592 4196 789 4258 Fructulorum,
814 4211 884 4262 quae
903 4199 973 4250 mele
998 4212 1099 4250 excusa
1122 4200 1288 4251 8118888188
1312 4200 1437 4251 188118818
1455 4203 1528 4258 8881,
1555 4199 1691 4264 permulta

338 4301 382 4340 me
403 4287 528 4338 omisisse
550 4286 831 4358 8888881888888881
852 4310 887 4320 —
904 4281 1015 4336 Tabulis
1033 4285 1163 4348 imagines
1181 4283 1362 4352 heliotypicas
1384 4287 1419 4338 ad
1440 4282 1563 4352 ectypub
1589 4284 1691 4337 8188188

337 4373 538 4440 repraesentavi
558 4373 632 4422 tanto
651 4383 775 4431 numero,
802 4373 920 4435 (8888188
938 4369 1063 4421 sufficere
1081 4369 1221 4421 videretur
1239 4371 1272 4422 ad
1292 4373 1450 4423 incusarum
1469 4373 1588 4439 speciem
1607 4385 1623 4423 a
1641 4385 1689 4434 ge-

338 4461 429 4512 nuinis
445 4460 593 4510 distentam
606 4457 776 4522 aliquatenus
794 4455 1027 4520 cognoscendam,
1049 4456 1096 4508 sed
1114 4469 1164 4522 per
1182 4469 1211 4507 88
1229 4459 1316 4523 88181,
1344 4461 1449 4509 certum
1467 4459 1502 4509 da
1519 4458 1562 4508 1818
1586 4456 1691 4509 188881-

336 4546 389 4598 1888
407 4545 540 4596 ludicium
559 4542 664 4608 acquiri
683 4555 737 4594 uon
762 4555 842 4608 posse
862 4541 1027 4605 imaginibus
1045 4540 1093 4594 sed
1112 4541 1258 4606 glandibus
1277 4545 1372 4596 multis
1390 4549 1444 4594 tam
1464 4544 1589 4609 genuinis
1607 4555 1688 4608 quam

336 4631 444 4682 88118118
462 4631 624 4682 examinatis
641 4631 669 4680 81
687 4630 758 4678 18188
775 4641 805 4679 88
823 4629 997 4694 comparatis.

407 4805 431 4866 t)
452 4805 480 4853 ln
500 4816 527 4856 n.
542 4801 645 4868 t*sqq.
671 4813 716 4852 res
739 4800 830 4867 paullo
853 4799 933 4851 aliter
962 4803 1117 4865 comparata
1141 4803 1192 4850 881.
1229 4801 1298 4852 Nam
1323 4799 1379 4852 iere
1403 4814 1499 4852 omnes
1523 4801 1573 4852 diu
1596 4803 1686 4862 notae,

337 4890 500 4954 saepiusque
526 4888 561 4938 ab
584 4887 742 4938 hominihus
760 4887 848 4937 doctis
866 4886 955 4937 editae
980 4885 1151 4937 adhibitaeve
1173 4889 1249 4947 sunt,
1276 4887 1376 4939 deinde
1396 4900 1459 4938 cum
1477 4900 1493 4936 a
1511 4887 1688 4938 Vinceuzinio

337 4976 364 5025 in
383 4975 440 5025 euis
453 4974 596 5039 glandibus
615 4975 746 5039 repetitae
759 4975 821 5035 sint,
843 4985 896 5022 non
916 4973 1071 5037 parvisunt
1089 4975 1222 5023 momenti
1236 4973 1271 5025 ad
1290 4974 1349 5024 eius
1368 4972 1477 5025 fraudes
1491 4972 1689 5037 coarguendas.
1773 5033 1778 5044 .

338 5060 398 5111 1188
416 5059 537 5121 8888811,
565 5059 638 5124 quod
663 5072 768 5125 paucae
795 5061 858 5110 sunt
881 5070 947 5122 prae
966 5057 1075 5108 illarum
1098 5059 1177 5125 copia
1196 5059 1309 5124 ingenti.
1352 5059 1443 5119 Quare
1466 5060 1495 5110 18
1518 5059 1562 5111 1818
1579 5057 1691 5123 quidem

336 5146 421 5197 aliurn
441 5144 543 5197 edendi
562 5145 673 5196 modurn
692 5143 901 5211 praeterendum
920 5157 982 5195 esse
999 5144 1072 5195 duxi.

410 5235 433 5293 8)
457 5233 600 5284 Foramina
620 5231 752 5282 nonnulla
770 5233 885 5292 minuta,
906 5243 976 5294 quae
995 5244 1037 5280 888.
1052 5244 1092 5294 gr.
1114 5230 1167 5282 lab.
1183 5231 1255 5291 Χ111,
1273 5233 1302 5280 11
1323 5233 1351 5282 18
1370 5232 1468 5282 11118818
1487 5232 1693 5296 88188888881,

337 5323 400 5370 8818
420 5319 529 5370 888118
549 5317 654 5382 8818818
673 5315 837 5381 lormandis;
858 5316 893 5368 ab
911 5317 1068 5382 archetypis
1085 5315 1194 5368 8188881.
