3702 5962
750 605 950 658 Paannsnto.
1487 617 1527 665 1x

179 790 212 840 et
234 789 340 840 mente
363 797 425 839 non
451 777 552 839 tenaci
576 778 732 859 opinionis
760 789 832 839 ante
855 786 1024 856 conceptae
1048 775 1104 838 sed
1128 776 1248 857 ubique
1270 779 1311 841 ad
1334 797 1403 840 eam
1426 781 1526 840 corri-

179 881 314 959 gendam
345 899 457 962 prona.
505 881 646 942 Priorum
678 881 710 942 in
741 879 886 960 legendis
914 877 1083 958 glandibus
1111 881 1259 958 genuinis
1283 891 1315 942 et
1344 883 1527 962 spuriarum

178 983 414 1063 antiquioribus
425 983 445 1062 1)
479 1002 605 1046 errores
627 984 722 1046 etiam
751 982 807 1045 ubi
832 1001 883 1044 res
912 999 998 1044 nunc
1021 983 1183 1062 explorata
1207 993 1255 1046 est
1277 984 1392 1046 afferre
1415 1005 1528 1048 ncces-

179 1087 299 1148 sarium
329 1086 389 1148 luit
419 1087 450 1148 in
479 1087 550 1148 aliis
580 1105 715 1168 quarum
744 1087 920 1146 averitate
951 1087 991 1146 ita
1021 1083 1157 1147 discedit
1185 1086 1294 1164 lectio,
1331 1099 1365 1150 ut
1393 1087 1525 1150 eandem

180 1190 419 1269 inscriptionem
448 1209 519 1252 esse
542 1190 670 1270 agnosci
694 1189 748 1251 vix
772 1197 883 1269 queat,
920 1188 952 1249 in
975 1188 1045 1248 aliis
1067 1188 1230 1268 pluribus,
1258 1208 1392 1268 quarum
1416 1190 1525 1252 falsam

180 1293 347 1353 lectionem
366 1293 521 1373 vulgatam
546 1293 768 1373 repetiverunt
791 1290 922 1366 falsarii,
949 1290 1025 1352 inde
1047 1289 1137 1353 facile
1162 1291 1284 1354 fraudis
1299 1293 1500 1373 coarguendi.

267 1411 398 1473 Tabulis
420 1410 552 1473 exhibui
582 1410 745 1490 glandium
769 1411 980 1492 genuinarnm
1003 1411 1136 1491 multas,
1170 1413 1351 1492 spuriarum
1374 1412 1523 1494 aliquotil

180 1516 337 1595 imagines
365 1513 405 1576 ad
435 1515 605 1595 archetypa
637 1515 687 1575 vel
718 1515 859 1596 ectypail
896 1533 912 1575 a
942 1514 1111 1596 phototypo
1143 1515 1184 1576 ita
1208 1513 1345 1593 ellictas,
1382 1525 1417 1576 ut
1448 1515 1526 1576 nihil

179 1619 309 1678 omniuo
339 1627 575 1679 retractaretur.
630 1619 706 1678 Nam
737 1627 773 1679 nt
801 1617 878 1678 baec
907 1634 958 1678 res
987 1625 1074 1678 tanto
1101 1634 1198 1697 opere
1228 1618 1259 1678 in
1283 1619 1526 1679 controversiam

180 1718 318 1782 adducta
342 1729 374 1781 et
402 1727 448 1781 tot
475 1719 578 1782 adbuc
600 1717 887 1801 disceptationibus
912 1720 1028 1800 agitata
1050 1719 1299 1798 diiudicaretur,
1331 1721 1408 1781 haec
1430 1719 1527 1782 editio

181 1842 243 1884 non
273 1832 397 1904 poterat
427 1842 535 1884 carere
559 1822 750 1904 imaginibus
779 1832 847 1884 arte
877 1841 963 1884 mere
993 1823 1173 1886 mechanica
1204 1824 1304 1885 iactis.
1351 1825 1418 1885 Nou
1441 1824 1526 1887 enim

181 1927 298 1988 mirum
315 1936 376 2006 est,
402 1926 428 1986 si
454 1943 538 1989 nunc
554 1925 685 2006 quidem
702 1927 733 1987 in
759 1925 816 1988 hoc
840 1926 1082 2006 inscriptionum
1099 1945 1215 2006 genere
1232 1925 1272 1988 ad
1296 1937 1413 1988 tantam
1430 1925 1527 1989 dubi-

181 2029 332 2090 tationem
356 2037 500 2090 revocato
523 2046 615 2090 nemo
638 2029 809 2110 quicquam
833 2029 894 2090 nisi
917 2028 1001 2109 quod
1024 2029 1156 2090 suismet
1179 2029 1278 2092 oculis
1303 2027 1429 2108 viderit,
1456 2049 1527 2091 cre-

181 2130 258 2194 dere
281 2130 389 2193 audet.
438 2129 486 2192 rid
510 2132 590 2192 hanc
619 2131 717 2212 igitur
741 2151 807 2193 rem
833 2131 872 2210 ii,
904 2130 1023 2211 quibus
1052 2132 1220 2213 archetypa
1252 2133 1318 2212 ipsa
1342 2133 1525 2195 examinare

181 2235 357 2314 nonlicet,
395 2243 525 2296 utantur
546 2233 664 2297 tabulis
694 2234 744 2295 his
772 2234 812 2296 ab
835 2235 920 2296 omni
945 2235 1077 2315 legentis
1107 2243 1137 2296 et
1164 2233 1288 2296 edentis
1311 2233 1526 2296 additamento

182 2355 316 2418 prorsus
338 2337 457 2400 liberis.
499 2337 655 2418 imagines
678 2336 839 2416 glandium
863 2337 1003 2418 ipsamm
1026 2336 1276 2418 magnitudinem
1301 2337 1466 2400 exhibent.
1483 2375 1527 2384 -

182 2442 348 2503 Praeterea
377 2441 495 2502 inserui
533 2441 633 2502 textui
664 2441 833 2503 nonnullas
861 2441 1014 2520 imagines
1043 2439 1234 2520 delineatae,
1272 2459 1351 2521 quas
1382 2441 1527 2504 lectionis

182 2561 272 2605 meae
283 2543 305 2625 ⁴)
339 2553 501 2624 tamquam
530 2543 721 2625 interpretes
749 2563 819 2606 esse
851 2543 947 2606 volui.
1000 2543 1116 2607 Earum
1149 2543 1229 2606 aliae
1259 2553 1333 2606 suut
1359 2542 1524 2624 glandium

183 2655 247 2706 tam
275 2645 481 2727 detritamm,
521 2656 555 2708 ut
583 2657 650 2708 arte
684 2647 894 2727 photographi
923 2665 1024 2726 pauca
1052 2647 1183 2727 vestigia
1217 2645 1361 2708 exbiberi
1391 2647 1522 2728 possint,

181 2748 263 2810 aliae
279 2749 432 2829 quaedam
449 2747 624 2813 secuudum
639 2749 818 2831 apographa
842 2769 909 2812 mea
932 2759 1008 2811 sunt
1030 2747 1173 2831 44444444).
1190 2785 1233 2795 -
1251 2749 1396 2831 Denique
1418 2771 1450 2832 p.
1470 2750 1521 2812 37.

183 2853 236 2914 ts.
256 2853 307 2914 ts.
322 2852 358 2912 84
387 2863 510 2933 septem
538 2851 684 2933 glandeS,
719 2871 852 2934 quarum
880 2871 986 2934 neque
1009 2853 1215 2935 archetypum
1244 2871 1348 2933 neque
1377 2862 1524 2935 ectypum

182 2954 294 3016 videre
317 2957 414 3036 potui,
442 2975 483 3017 ex
505 2956 637 3018 aliorum
661 2955 817 3036 exemplis
840 2957 1087 3037 repraesentavi.

267 3076 349 3138 llaec
377 3075 418 3137 de
449 3074 599 3138 editionis
628 3094 716 3138 meac
748 3076 869 3137 ratione
898 3075 1071 3157 praefanda
1098 3085 1200 3138 erant.
1255 3075 1376 3149 Quodsi
1407 3077 1457 3138 cni
1488 3095 1524 3137 ea

178 3177 343 3240 videbitur
369 3177 516 3241 uberiore
551 3198 647 3261 quam
682 3198 737 3260 pro
772 3179 880 3241 harum
913 3199 1019 3242 rerum
1054 3179 1156 3259 pretio
1189 3189 1343 3259 apparatu
1373 3179 1524 3240 instructa

178 3299 267 3359 esse,
307 3280 340 3343 id
369 3281 485 3344 iactum
516 3292 566 3344 est
594 3281 782 3344 necessitate
811 3300 888 3343 sane
910 3282 981 3344 dira
1004 3301 1063 3343 nec
1085 3299 1153 3343 mea
1177 3282 1268 3362 culpa
1303 3279 1360 3343 scd
1384 3283 1523 3362 priorum

178 3385 231 3446 vel
256 3384 419 3447 erroribus
441 3385 489 3446 rel
513 3382 691 3447 fraudibus.
738 3384 764 3447 Α
788 3385 905 3467 quibus
933 3385 1057 3447 invecta
1080 3384 1279 3466 perturbatio
1302 3403 1372 3446 oum
1396 3383 1524 3446 tandem

177 3486 351 3566 aliquando
374 3485 576 3568 expedienda
605 3487 810 3569 tollendaque
832 3498 925 3562 esset,
951 3507 1013 3549 non
1038 3489 1179 3566 suffecit,
1213 3487 1275 3548 nisi
1298 3506 1426 3568 operam
1450 3507 1525 3568 per-

177 3589 258 3651 dere
282 3591 414 3670 vellem,
447 3610 587 3653 summas
613 3610 665 3653 res
694 3610 776 3672 quae
805 3593 1019 3672 repperissem
1049 3590 1226 3672 significare
1255 3600 1287 3652 et
1308 3610 1344 3652 ea
1368 3589 1525 3652 brevitate

177 3694 258 3754 baec
286 3704 488 3756 monumenta
520 3692 633 3774 edere,
670 3712 732 3776 qua
764 3705 851 3757 recte
879 3713 956 3758 sene
989 3703 1120 3758 utentur
1153 3695 1192 3772 ii,
1236 3694 1292 3774 qui
1321 3713 1389 3756 meo
1417 3694 1525 3756 labore

175 3797 311 3858 subnixi
333 3797 464 3878 posthac
485 3797 648 3879 glandium
672 3798 895 3879 inscriptiones
918 3796 1108 3875 tractabunt,
1134 3795 1190 3858 sed
1214 3797 1325 3876 utique
1347 3815 1364 3858 a
1388 3814 1437 3859 me
1460 3807 1523 3857 tam

250 4055 274 4119 4)
293 4057 330 4106 De
349 4057 569 4106 Vincenzinianis
586 4054 730 4122 glandibus
747 4055 810 4106 vide
827 4069 896 4121 quaa
913 4055 1041 4108 adnotavi
1061 4069 1087 4121 p.
1104 4060 1161 4106 444.

250 4145 273 4202 it
296 4143 333 4192 De
352 4143 396 4192 bis
413 4141 447 4192 44.
468 4156 496 4207 p.
518 4146 577 4196 too.

250 4228 274 4290 4)
295 4227 432 4292 Exceptae
450 4231 514 4278 sunt
532 4228 604 4279 solae
623 4232 642 4280 t.
656 4227 703 4290 tx,
724 4232 757 4278 to
775 4232 803 4279 et
822 4229 867 4289 tt,
894 4227 994 4293 quibus
1017 4227 1121 4279 litterae
1143 4230 1169 4278 in
1193 4231 1352 4294 ectypomm
1378 4227 1461 4279 sulcis
1478 4242 1524 4278 se-

174 4313 300 4364 cundum
320 4327 408 4364 meam
427 4313 569 4364 lectionem
589 4313 740 4365 delineatae
757 4319 996 4380 repraesentantur
1012 4318 1165 4379 propterca,
1185 4314 1258 4380 quod
1272 4314 1443 4380 scariphatae
1462 4315 1523 4367 illac

174 4401 284 4449 litterae
303 4400 476 4450 tenuissimae
496 4401 521 4450 in
541 4402 657 4463 imagine
675 4401 781 4464 glandis
800 4403 829 4462 (t.
851 4401 896 4462 tx,
912 4403 935 4463 4)
957 4414 1042 4465 paene
1060 4414 1115 4450 non
1134 4404 1273 4466 apparent.

250 4487 273 4547 4)
300 4485 439 4536 Eiusmodi
469 4485 677 4550 inscriptionum
703 4487 834 4550 imagines
861 4487 907 4551 qui
936 4486 1061 4537 editurus
1084 4491 1140 4549 est,
1165 4485 1200 4538 ab
1224 4501 1257 4536 eo
1280 4485 1457 4552 praeferenda
1482 4491 1524 4537 est

174 4571 325 4622 methodus
342 4571 516 4632 mccbauica,
538 4575 567 4622 444
584 4572 753 4638 pbototypia.
790 4572 864 4632 Quae
882 4576 971 4622 tamen
992 4573 1036 4622 ubi
1055 4572 1178 4624 adbiberi
1199 4575 1305 4637 nequit,
1325 4573 1423 4624 editori
1442 4585 1523 4638 opera

173 4656 270 4707 danda
294 4660 351 4717 est,
384 4661 414 4708 ut
443 4657 628 4724 lithograplms
652 4659 695 4710 vel
720 4671 773 4724 quo
799 4661 852 4710 alio
877 4660 1001 4724 operario
1021 4661 1107 4710 utitur
1135 4663 1221 4724 ipsam
1245 4659 1357 4709 editoris
1381 4658 1524 4709 lectionem

174 4745 377 4807 repraesentet;
403 4745 484 4808 atque
509 4745 560 4794 hcc
584 4745 693 4810 quidem
714 4747 830 4796 maxime
850 4745 996 4796 tenendum
1015 4748 1056 4796 est
1075 4750 1101 4796 tn
1121 4745 1226 4796 dubiis:
1252 4745 1410 4809 quidecim
1429 4747 1525 4796 attinet

174 4829 273 4878 lectori
292 4827 422 4880 exhibere
440 4843 487 4889 ea,
508 4843 577 4895 quae
595 4830 700 4892 legendi
721 4831 782 4882 talia
808 4831 898 4882 minus
921 4835 1024 4896 peritus
1044 4831 1094 4881 sibi
1116 4830 1208 4882 videre
1226 4832 1301 4881 visus
1319 4833 1380 4883 esti
1416 4833 1454 4883 De
1472 4834 1524 4883 hac

171 4927 207 4966 re
226 4915 320 4964 monui
340 4915 366 4965 444
385 4921 532 4968 comment.
553 4917 704 4968 minoribus
722 4917 798 4969 acad.
819 4917 907 4966 Berol.
929 4921 994 4968 tara
1013 4931 1039 4983 p.
1058 4920 1105 4968 474
1126 4920 1181 4968 not.
1197 4921 1222 4968 t.
1241 4944 1276 4954 —
1295 4917 1425 4982 aergttus
1444 4920 1526 4982 igitur

173 5003 206 5051 in
230 4999 375 5062 glandibus
399 5001 511 5052 edendis
536 5005 636 5054 erravit
657 5003 730 5068 quod
759 5005 839 5064 (sicut
856 5001 993 5069 praelatus
1017 5008 1057 5054 cst
1082 5016 1144 5054 ann.
1165 5003 1249 5055 liban.
1274 5007 1305 5054 tlt
1325 5009 1382 5071 p.⁸
1403 5025 1434 5048 =
1455 5005 1523 5055 Sciit.

171 5101 203 5152 p.
218 5087 260 5149 eti)
279 5087 441 5138 detineantis
464 5087 577 5140 arbitrio
599 5091 723 5154 permisit
747 5091 774 5140 in
797 5089 887 5140 dubiis
917 5090 944 5141 id
968 5089 1111 5153 exhibere,
1138 5089 1211 5155 quod
1230 5090 1275 5142 illc
1292 5090 1386 5141 videre
1405 5089 1456 5140 sibi
1483 5093 1525 5138 vt-

169 5185 224 5224 sns
242 5177 323 5224 esset.
368 5174 389 5223 Α
412 5186 466 5237 quo
492 5177 583 5225 444444
609 5189 658 5226 suo
676 5177 821 5241 praecepto
844 5177 866 5225 si
893 5177 937 5226 bic
964 5176 1019 5226 illic
1038 5178 1095 5241 ipse
1119 5179 1231 5228 recessit
1256 5175 1301 5240 (cl.
1323 5175 1389 5227 intra
1409 5189 1436 5240 p.
1452 5177 1522 5238 444),

171 5259 249 5309 bene
268 5257 339 5310 lecit.

249 5347 274 5408 4)
295 5344 360 5395 Vide
379 5359 449 5410 quaa
467 5345 524 5396 dixi
543 5359 570 5412 p.
585 5351 611 5396 8.
633 5352 675 5399 44.
695 5351 726 5397 74
746 5350 814 5398 extr.
