3776 5966
698 567 857 618 acaunus
875 567 1030 618 664666.
1486 553 1531 624 94

190 779 266 817 6666
283 765 402 832 664666
421 759 575 824 archetypis
592 758 753 810 examinatis
771 758 969 818 demonstravi,
996 759 1062 807 tunc
1078 755 1160 821 vulgo
1178 757 1300 808 sincerae
1318 769 1378 808 esse
1397 757 1536 810 existima·

190 851 304 910 banton
331 850 423 913 446666
441 847 464 897 64
483 858 553 910 6666
570 856 665 895 66666
685 845 711 894 46
730 844 782 893 hoe
799 854 914 894 numero
933 842 1023 893 denuo
1041 843 1253 908 proveniebant,
1278 848 1383 896 tantum
1401 841 1483 905 64644,
1507 848 1535 895 64

190 937 368 998 diffideretur,
394 935 424 982 ut
442 932 539 982 barum
558 930 714 981 accessione
732 929 938 980 4446464666666
962 926 1029 978 44666
1047 931 1141 990 angeri
1158 933 1186 980 et
1203 928 1359 980 confirmari
1384 932 1533 995 putaretur.

190 1025 229 1074 Ita
251 1022 340 1072 editae
364 1023 429 1071 6664
450 1020 480 1068 64
503 1017 638 1082 genuinae
656 1029 684 1066 6.
699 1011 777 1066 6644
797 1029 821 1066 a.
838 1018 903 1064 4666
922 1017 950 1065 64
967 1016 1048 1074 4664ς
1075 1013 1149 1064 6444
1172 1029 1197 1068 a.
1212 1019 1293 1076 4666,
1321 1013 1399 1066 6446
1417 1029 1442 1067 6.
1458 1019 1535 1079 4666,

189 1123 217 1161 u.
232 1106 283 1158 ⁶8*
296 1109 359 1157 4-46
378 1119 403 1156 6.
418 1105 500 1164 4666,
521 1101 570 1155 et*
585 1106 648 1153 4-46
666 1115 691 1152 a.
707 1106 789 1162 4646,
810 1105 841 1152 64
858 1104 962 1152 466666
981 1101 1079 1152 66666
1097 1100 1193 1164 664446,
1219 1115 1289 1167 6666
1314 1101 1360 1152 4446
1380 1105 1501 1167 tempore
1520 1115 1535 1152 a

190 1205 350 1246 musaorum
367 1189 509 1256 praelectis
527 1189 676 1254 6666464466
690 1191 762 1238 6664.
781 1213 816 1224 -
833 1188 986 1237 immensus
1003 1188 1094 1236 autem
1108 1187 1242 1238 eiusmodi
1254 1187 1393 1252 glandium
1406 1201 1537 1239 numerus

190 1283 217 1332 46
236 1279 334 1344 vulgus
352 1277 411 1330 deri
428 1278 541 1341 coeptus
559 1277 600 1326 664
623 1273 686 1325 4666
704 1272 739 1325 ab
757 1287 780 1324 a.
795 1274 870 1323 4644.
896 1272 1002 1323 Etenim
1022 1273 1140 1337 primum
1158 1272 1290 1324 Erneatus
1303 1273 1458 1337 Deajardios
1475 1275 1537 1338 plus

191 1367 337 1424 sescentas,
356 1375 423 1428 quas
437 1360 633 1412 Fauerdentius
651 1360 802 1424 acceperat,
822 1357 924 1423 publici
942 1359 1008 1409 iuris
1024 1356 1088 1409 46644
1099 1353 1537 1425 66664664466“4)664666646666’

191 1450 327 1506 4666466446
339 1449 452 1499 66466446
464 1446 656 1512 plerarumque
670 1443 845 1508 imaginlbna3
867 1443 976 1506 664666,
993 1443 1074 1494 simul
1086 1446 1167 1508 atque
1181 1446 1268 1508 prima
1280 1445 1442 1510 Desierdinii
1454 1447 1537 1498 666466

191 1536 306 1602 6666444,
330 1533 488 1585 Theodorus
511 1531 597 1594 Bergk
621 1531 649 1580 in
673 1529 822 1582 4666444666
846 1528 1033 1580 Bonnensibus
1056 1543 1081 1580 a.
1109 1533 1175 1579 4646
1200 1529 1311 1594 glandes
1336 1532 1441 1583 CXVIII
1468 1533 1537 1595 (vide

191 1635 218 1672 6.
233 1620 291 1684 444)
312 1619 411 1679 edidit,
436 1629 505 1682 qnae
522 1615 635 1681 quidem
653 1617 727 1666 46646
746 1613 835 1666 646646
854 1617 945 1678 646646
964 1626 1059 1665 66666
1081 1613 1205 1666 4646446446
1223 1617 1378 1680 suspicione
1400 1619 1538 1670 vindicare

190 1708 305 1760 conatus
321 1707 363 1755 664
374 1703 474 1769 666646
492 1703 532 1752 466
544 1700 762 1765 Desierdinianas
778 1696 837 1762 liii*
851 1702 941 1761 4-444)
956 1703 1048 1766 utpote
1060 1698 1161 1750 alienes
1174 1700 1375 1754 condemnavit.
1405 1704 1538 1770 Equidem

192 1793 321 1844 Parisinis
333 1791 386 1842 illis
398 1788 542 1854 glandibus
556 1785 606 1837 ai*
620 1789 700 1837 4-444
720 1787 838 1852 primum
857 1785 939 1836 fldem
957 1797 1079 1837 66666666
1098 1786 1209 1836 646466
1227 1786 1358 1850 dubitavi,
1378 1791 1404 1839 64
1416 1791 1538 1855 ipsarum

191 1878 344 1944 glandium,
368 1887 436 1940 6666
453 1875 577 1938 66446666
595 1885 655 1924 esse
672 1874 779 1923 certum
801 1873 857 1931 est,
881 1871 992 1922 materia
1017 1869 1102 1921 lorma
1122 1870 1244 1935 robigine
1262 1871 1393 1938 deceptus
1411 1878 1438 1926 64
1459 1889 1491 1927 66
1509 1889 1538 1926 66

192 1965 320 2015 inductus
343 1959 418 2026 6666
440 1958 587 2024 pleraeque
608 1969 703 2009 ornnes
726 1957 916 2022 inscriptiones
940 1968 1003 2006 cum
1029 1955 1081 2007 44446
1101 1954 1157 2006 4666
1175 1957 1369 2021 concinebant,
1396 1973 1466 2024 6666
1484 1962 1537 2012 466

192 2050 304 2102 aliunde
322 2051 400 2097 notae
419 2058 507 2110 neque
525 2059 541 2096 a
559 2045 673 2108 Bergkio
692 2044 764 2108 4666,
784 2044 832 2107 664
850 2042 1000 2094 earundem
1018 2042 1183 2106 exemplaria
1200 2042 1251 2094 alie
1269 2042 1362 2106 edidit,
1385 2045 1412 2094 46
1430 2046 1539 2098 dubita-

192 2139 294 2187 tionem
314 2137 423 2184 vocatee
441 2134 531 2191 erant;
558 2131 613 2181 4666
631 2128 794 2190 accedebat,
820 2128 894 2192 quod
913 2141 1007 2178 eorum
1025 2130 1265 2192 argumentorum,
1290 2130 1390 2194 quibus
1408 2131 1539 2197 Bergkius

191 2219 411 2286 Desiardlnlanas
429 2218 620 2276 6666666664,
641 2214 694 2266 6446
713 2214 897 2266 intellexeram
916 2214 982 2265 Ialsa
1002 2226 1062 2266 esse
1079 2215 1151 2276 (6666
1170 2215 1300 2267 466446666
1318 2215 1380 2267 41466
1398 2221 1539 2284 suspectae

191 2305 355 2371 Deajardinil
381 2306 471 2364 66664,
501 2315 557 2354 666
583 2300 723 2366 glandium
740 2301 887 2366 ipsaruml,
917 2298 994 2362 64464)
1025 2313 1078 2350 666
1103 2301 1194 2352 minus
1212 2314 1296 2366 quani
1319 2305 1412 2354 contra
1431 2305 1541 2368 besjar-

192 2393 317 2444 dinianas
346 2402 467 2456 pugnare
493 2391 587 2439 contra
610 2387 789 2450 Bergkianas,
815 2397 884 2450 quas
908 2385 1020 2450 quidem
1038 2398 1087 2448 ago
1106 2388 1163 2435 tum
1183 2398 1237 2437 non
1255 2389 1473 2440 examinaveram
1491 2390 1541 2442 sed

192 2477 354 2530 anctorilate
371 2474 489 2538 Berglrii,
516 2475 590 2525 46646
609 2471 709 2523 fiducia
728 2484 838 2522 omnem
856 2470 891 2522 ab
909 2470 964 2522 illis
982 2467 1189 2536 666646466664)
1214 2471 1331 2524 6446666
1350 2487 1410 2526 esse
1427 2481 1541 2527 conten-

192 2563 291 2622 dentis,
312 2561 441 2612 indoctus
459 2560 591 2623 genuinas
609 2571 669 2610 esse
687 2553 852 2624 putabam⁸l.
890 2556 1055 2621 scrupulum
1073 2555 1141 2606 mibi
1164 2568 1219 2607 oon
1243 2557 1389 2610 movebant
1406 2562 1458 2611 6464
1476 2575 1541 2627 per-

192 2661 293 2715 paucae
321 2646 449 2710 (maxime
466 2643 577 2696 Labieni
600 2647 627 2695 et
645 2644 734 2708 Paapii
756 2647 783 2694 64
801 2643 861 2693 Divi
878 2641 939 2692 Iulii
958 2642 1067 2693 nomina
1086 2641 1267 2706 exhibentes),
1293 2657 1360 2709 6666
1379 2645 1540 2698 dubitationi

193 2735 324 2787 obnoxias
342 2744 402 2784 6666
421 2732 449 2782 46
468 2730 566 2782 44446646
583 2729 617 2781 66
636 2731 834 2780 4466666666
854 2728 924 2780 66446
942 2727 1028 2779 lassus
1046 2741 1123 2789 sum;
1149 2742 1200 2780 nec
1225 2729 1333 2795 publice
1357 2733 1428 2782 46664
1445 2733 1496 2784 666
1513 2735 1540 2784 46

192 2832 293 2870 6666.
308 2819 375 2869 646.
389 2815 466 2868 6666.
480 2816 598 2867 Berolin.
614 2817 680 2865 4646
700 2828 727 2880 p.
744 2817 792 2864 444
815 2815 912 2878 6664664
931 2813 999 2864 6666
1018 2815 1209 2879 inscriptiones
1230 2815 1329 2883 (Paapli
1347 2820 1375 2867 et
1391 2818 1451 2868 Divi
1468 2819 1537 2882 46444)

194 2903 294 2956 babere
319 2902 454 2968 quaedam
477 2913 547 2966 quae
572 2901 690 2965 permira
713 2901 805 2950 essent
827 2902 909 2964 64666
933 2899 1062 2965 explicari
1079 2899 1125 2951 vix
1143 2905 1266 2966 possent,
1292 2914 1360 2953 usus
1384 2903 1427 2954 bis
1451 2904 1541 2956 verbis

194 2989 257 3042 6646
275 2991 380 3042 reusam
398 2988 530 3038 64466464
547 2985 701 3049 6644644666.

246 3075 279 3126 44
296 3086 392 3140 parum
412 3077 554 3129 6666666666
572 3085 617 3122 66
635 3075 694 3123 466
712 3071 848 3122 indicasse
871 3084 934 3122 mox
958 3071 1093 3131 intellexi,
1120 3085 1207 3138 66666
1228 3085 1329 3138 666666
1352 3076 1457 3124 466466
1482 3075 1541 3128 44466

193 3158 415 3213 666666666666
437 3170 495 3209 esse
520 3157 568 3208 sed
593 3157 703 3208 666466
727 3160 781 3207 466
800 3157 1017 3220 Desjerdinianas
1042 3169 1124 3221 quem
1143 3157 1305 3222 Bergkienas
1329 3172 1424 3210 omnes
1447 3163 1541 3226 666646

193 3244 335 3297 mensibus
359 3243 508 3294 interiectis
532 3244 560 3293 in
585 3255 685 3295 comm.
706 3243 771 3302 646.
793 3245 859 3293 4646
884 3256 911 3308 p.
927 3245 958 3292 64
972 3255 1032 3306 666.
1058 3244 1148 3292 statim
1172 3243 1230 3293 veri
1253 3245 1348 3295 666664
1371 3245 1541 3299 simillimum

194 3345 270 3392 ease,
296 3330 442 3396 postquam
468 3327 663 3379 Ienardentlus
694 3327 790 3378 berum
817 3327 957 3392 glandium
985 3340 1081 3377 novam
1110 3329 1225 3388 seriem,
1255 3329 1480 3395 inscriptionibus
1506 3333 1541 3384 ab

195 3415 344 3468 audaciore
363 3415 417 3466 iam
436 3413 546 3465 ialsario
564 3414 676 3479 proprio
694 3414 778 3464 llarte
797 3411 922 3464 confictis
940 3413 1058 3478 plenam,
1078 3413 1144 3464 mibi
1163 3415 1321 3476 transmisit,
1341 3427 1404 3465 cum
1422 3417 1543 3470 editores

196 3504 247 3568 ipsi
271 3502 299 3552 46
317 3512 410 3550 errore
433 3511 609 3564 perseverare
633 3499 745 3550 mallent
765 3499 895 3549 conviciis
918 3501 961 3550 664
986 3501 1080 3550 contra
1103 3511 1182 3560 eum,
1207 3500 1256 3562 qui
1279 3501 1441 3552 6664664466
1465 3517 1542 3555 suam

196 3587 398 3638 raireciavarat.
435 3585 621 3648 Desjardinins
643 3585 714 3636 enim
734 3597 787 3636 noo
806 3585 910 3635 66644444
926 3585 986 3635 64446
1004 3583 1140 3636 4666466446
1158 3586 1264 3636 6646666
1284 3589 1421 3638 centurias
1445 3587 1541 3640 borum

198 3675 417 3724 commentorum
439 3670 533 3733 edere,
554 3671 619 3735 6646
639 3671 720 3720 64466
739 3670 894 3722 academiae
913 3671 1048 3721 Parisinae
1067 3670 1100 3721 de
1120 3683 1173 3720 666
1192 3671 1382 3736 inscriptione,
1404 3686 1486 3737 quarn
1510 3688 1544 3725 ex

197 3769 311 3808 nummo
334 3757 398 3806 6664
422 3768 528 3822 pugnae
552 3756 678 3806 46446666
702 3754 844 3807 aielaario
868 3757 1011 3822 repetltam
1036 3769 1096 3807 esse
1119 3757 1146 3806 in
1170 3769 1271 3808 comm.
1290 3759 1357 3808 min.
1378 3761 1444 3808 4646
1469 3773 1495 3825 p.
1511 3764 1543 3809 46

197 3843 345 3893 docueram
362 3837 661 3908 (u·anr·c·1ulmr·uu,
681 3840 742 3892 vide
760 3855 787 3891 6.
803 3838 862 3901 644,
878 3845 926 3892 666
946 3843 973 3892 64
990 3841 1105 3893 alterum
1123 3843 1278 3908 exemplum
1298 3843 1325 3892 46
1344 3843 1440 3895 66666
1459 3843 1542 3897 46666

198 3928 247 3979 666
266 3926 357 3993 666446
375 3928 465 3976 64666
482 3926 561 3991 plene
581 3939 710 3978 excusum
730 3927 800 3989 664),
820 3928 1077 3978 commentationem
1096 3929 1236 3993 proposuii
1257 3928 1366 3992 (editam
1385 3930 1412 3980 in
1428 3929 1544 3994 comptos

199 4014 303 4064 466666
314 4015 419 4077 46466.
432 4014 480 4060 466
495 4012 580 4076 sqq.),
595 4024 649 4076 qua
667 4012 702 4063 de
719 4014 875 4064 sinceritate
893 4013 973 4080 plane
991 4026 1104 4065 securus
1122 4015 1324 4066 demonstrasse
1341 4014 1393 4066 sibi
1406 4018 1481 4067 visus
1493 4019 1542 4077 eat,

199 4111 254 4163 qno
273 4101 351 4164 66646
370 4097 442 4149 bello
454 4098 584 4149 Perusino
603 4099 736 4163 posterior
749 4111 802 4148 non
821 4111 881 4150 esse
894 4100 988 4164 666644.
1009 4100 1148 4151 Postremo
1160 4102 1187 4150 46
1206 4099 1336 4152 466646616
1352 4102 1541 4168 6646466446,

198 4188 266 4250 quot
284 4184 387 4250 populi,
407 4184 516 4250 oppida,
537 4185 631 4244 duces,
653 4183 773 4248 legiones
786 4184 893 4248 aliaque
906 4198 1021 4250 corpora
1035 4185 1161 4236 militaria
1175 4187 1399 4252 exscriptoribus
1412 4191 1547 4242 nummis-

199 4283 253 4334 qua
278 4270 400 4334 antiquis
419 4273 482 4320 nota
501 4271 594 4320 666664
615 4269 759 4333 (CLXXII),
785 4272 852 4333 quot
870 4283 935 4320 vero
954 4272 1007 4321 iam
1027 4269 1171 4334 glandibus
1189 4272 1247 4321 6646
1271 4273 1299 4321 46
1317 4273 1408 4322 46666
1425 4275 1545 4337 prolatae

200 4358 292 4406 666664
311 4353 488 4418 (4164444444),
516 4351 684 4408 enumeravit
702 4355 817 4406 elencbo
836 4368 902 4407 sana
921 4357 1045 4420 specioso
1063 4369 1095 4406 ao
1113 4355 1271 4421 magnifico,
1291 4358 1352 4419 sed,
1374 4360 1478 4410 etiamsi
1497 4373 1545 4411 eae

227 4647 229 4650 -
270 4612 294 4673 4)
314 4610 363 4662 Ex.
378 4624 418 4674 gr.
432 4611 625 4676 inscriptiones
637 4610 808 4663 diversorum
828 4615 981 4678 temporam
1001 4614 1028 4663 46
1042 4613 1137 4664 eadem
1156 4613 1253 4677 glande
1271 4613 1433 4664 coniunctae
1453 4614 1547 4680 (Bergk

199 4710 262 4747 ann.
275 4697 360 4749 Itben.
378 4699 410 4747 66
430 4709 456 4762 6.
473 4699 514 4759 64)
534 4695 576 4746 664
595 4695 767 4748 diversorum
786 4697 910 4748 iocorum
929 4699 1137 4763 temporumque
1161 4699 1351 4763 inscriptiones
1369 4699 1442 4764 6666
1460 4714 1546 4752 6666

199 4783 329 4835 Asculum
353 4784 477 4848 repertae
497 4782 591 4846 (Bergk
609 4795 636 4848 p.
650 4785 691 4846 64,
719 4782 825 4833 66446446
850 4783 1007 4848 Berglrianis
1025 4797 1052 4849 p.
1068 4787 1099 4833 46
1112 4797 1170 4848 sqq.
1192 4783 1302 4843 Siculis,
1331 4787 1436 4849 46666.
1459 4786 1547 4837 4666-

200 4869 280 4930 46646,
301 4871 334 4918 64
354 4867 505 4930 Perusina).

270 4957 293 5018 6)
315 4959 428 5020 6666646
448 4953 561 5006 dimidia
581 4955 662 5005 66466
680 4955 784 5019 glandis
804 4955 990 5020 inscriptione,
1011 4955 1045 5005 de
1061 4967 1116 5018 qua
1134 4968 1160 5020 p.
1177 4957 1208 5004 46
1228 4955 1256 5004 46
1275 4954 1447 5006 adnotatione
1466 4955 1548 5008 dubi-

199 5041 330 5091 tationem
354 5039 493 5106 prolessus
511 5043 566 5102 664,
593 5041 626 5090 446
645 5043 744 5101 46666,
769 5055 839 5105 quae
856 5054 940 5106 supra
959 5038 1139 5092 alfirrnaverai
1158 5043 1220 5102 (ooo
1237 5041 1287 5091 deo
1306 5041 1484 5108 Fdiacbimqee
1501 5045 1549 5095 der

202 5125 298 5176 Fabar'lc
315 5139 351 5176 66
369 5126 454 5177 466644
472 5127 583 5190 editio
600 5127 765 5188 6646444464),
787 5128 845 5192 4666
863 5127 1063 5177 contradicens.

273 5214 297 5274 6)
318 5213 404 5263 44646
428 5225 528 5264 comm.
547 5214 612 5265 min.
631 5213 710 5264 acad.
732 5216 798 5263 4646
823 5227 850 5278 p.
875 5214 922 5263 446
947 5213 1017 5263 dixi:
1058 5213 1203 5264 0466666466
1225 5215 1260 5264 tat
1283 5216 1324 5265 die
1342 5215 1480 5278 44666666)
1498 5227 1549 5264 666

204 5301 255 5352 447
266 5301 294 5362 η’.
315 5300 397 5350 durch
414 5302 456 5352 646
473 5302 530 5352 6664
547 5314 598 5352 666
617 5301 702 5365 446664
717 5301 872 5364 6644646466
892 5300 986 5352 6444646
1004 5301 1044 5350 646
1061 5300 1135 5351 cotila
1153 5303 1281 5366 4664444464.
