3702 5962
372 557 393 627 8
853 567 1013 618 durans
1032 567 1238 620 ASOVLANAE

370 768 432 824 lere
454 781 542 838 quam
565 764 645 822 credi
668 771 763 836 potest
784 764 917 821 inlestata
940 770 970 821 et
992 767 1030 821 ita
1053 767 1184 821 intricata
1200 771 1253 832 est,
1280 772 1313 822 ut
1334 768 1370 822 iis
1389 781 1491 824 omnes
1513 766 1722 839 deciperemur

370 878 398 928 et
414 872 530 929 omnino
546 885 581 926 eo
597 870 654 924 iam
669 883 717 924 res
733 867 857 925 deducta
880 875 967 936 esset,
993 873 1025 924 ut
1047 883 1142 938 paene
1156 867 1260 924 melius
1276 875 1354 925 esset
1369 866 1406 925 ab
1421 868 1467 926 his
1482 870 1723 942 inscriptionibus

369 973 543 1031 adhibendis
571 972 657 1042 plane
685 970 844 1027 abstinere.
891 971 1065 1027 Examinatis
1087 975 1183 1027 autem
1212 971 1297 1042 longe
1319 974 1443 1028 maxima
1465 971 1612 1044 glandium
1634 981 1722 1046 parte

369 1079 399 1132 in
421 1076 530 1132 muscis
552 1089 611 1145 qua
634 1073 760 1146 publicis
782 1089 840 1145 qua
860 1074 981 1145 privatis
1002 1078 1182 1129 servatarum
1204 1075 1337 1131 effecisse
1359 1074 1429 1130 mihi
1447 1075 1559 1146 videor,
1585 1081 1617 1132 ut
1638 1094 1722 1135 nunc

370 1181 496 1248 primum
517 1179 610 1234 series
633 1192 734 1233 earum
756 1179 832 1234 sicut
860 1175 898 1233 ab
922 1176 1071 1234 erroribus
1094 1176 1237 1234 editorum
1266 1179 1394 1250 priorum
1424 1179 1462 1234 ita
1490 1196 1508 1234 a
1535 1179 1722 1238 falsariorum

369 1280 521 1338 fraudibus
547 1285 667 1350 purgata
697 1278 838 1351 prodiret.
907 1278 1076 1350 Spuriarum
1113 1281 1260 1352 ingentem
1284 1297 1438 1338 numerum
1464 1283 1495 1337 in
1521 1281 1578 1338 line
1603 1282 1722 1340 subieci

369 1384 525 1442 collectum
547 1382 752 1454 digestumque
775 1398 864 1454 opera
886 1397 980 1452 aeque
1003 1382 1132 1441 taediosa
1153 1399 1187 1439 ac
1209 1385 1383 1442 necessaria.

457 1485 612 1542 Claudium
640 1483 851 1544 Asculanarum
878 1482 952 1542 haec
982 1484 1069 1543 editio
1098 1502 1164 1543 mea
1192 1502 1288 1559 nuper
1317 1490 1347 1543 in
1376 1486 1504 1558 Corpore
1533 1488 1625 1544 lnscr.
1651 1488 1717 1544 lat.

369 1590 429 1646 vol.
446 1589 487 1644 ill
509 1605 538 1646 n.
560 1593 641 1646 6036
659 1603 802 1644 ι-ιιιιιιι
830 1603 963 1644 seorsum
991 1605 1098 1646 excusa
1126 1595 1180 1646 oet.
1238 1589 1282 1647 lbi
1309 1587 1429 1661 glandes
1456 1589 1560 1646 iisdem
1587 1592 1723 1648 numeris

368 1693 478 1764 signavi
508 1691 563 1748 nisi
596 1691 675 1763 quod
705 1705 727 1746 1.
752 1705 783 1746 ιι.
810 1705 841 1746 ιιι
879 1691 936 1746 iam
965 1693 1067 1747 mutati
1098 1698 1166 1748 sunt
1194 1692 1224 1748 in
1248 1696 1278 1749 3.
1304 1696 1358 1750 ito.
1392 1690 1445 1750 33.
1505 1693 1657 1748 Praeterea
1686 1695 1721 1750 in

369 1793 498 1865 Corpore
526 1794 649 1850 omissae
675 1799 743 1849 sunt
767 1792 883 1850 tabulae
905 1794 1093 1866 pbototypae,
1120 1810 1188 1851 cum
1216 1795 1275 1851 illic
1297 1791 1416 1865 quidem
1442 1795 1512 1850 satis
1534 1809 1600 1850 esse
1623 1796 1722 1852 visum

369 1903 447 1953 esset
476 1897 681 1967 inscriptiones
703 1895 844 1967 quasdam
867 1895 1019 1953 delineatis
1048 1896 1221 1969 imaginibus
1247 1902 1480 1969 repraesentare.
1527 1895 1637 1954 Rursus
1659 1897 1720 1956 boc

369 1998 432 2056 loco
455 2001 594 2069 imagines
616 1997 775 2055 delineatae
798 1998 943 2070 glandium
975 2003 1003 2069 3,
1023 2015 1061 2056 ιι.
1096 2006 1125 2070 6,
1144 2017 1184 2058 ιι.
1200 2016 1241 2057 ιι.
1258 2015 1298 2057 ιι.
1331 2004 1360 2068 9,
1379 2013 1404 2056 ι.
1423 2014 1461 2055 ιι.
1480 2013 1517 2056 ιι.
1538 2015 1576 2056 ιι.
1603 2002 1654 2068 64,
1674 2015 1718 2059 ιι.

369 2106 420 2170 63,
441 2117 464 2158 ι.
492 2105 543 2172 33,
563 2117 587 2158 ι.
615 2105 665 2171 33,
685 2118 709 2158 ι.
736 2105 787 2160 39.
816 2104 865 2172 39,
885 2117 909 2158 ι.
940 2105 1019 2170 34,ι
1048 2104 1148 2172 omisi,
1180 2104 1248 2175 quia
1278 2101 1315 2158 ad
1344 2116 1444 2158 earum
1472 2100 1577 2158 ductus
1605 2119 1721 2174 cogno-

369 2203 494 2261 scendos
524 2203 656 2273 exempta
690 2202 848 2276 phototypa
878 2205 1036 2272 sulliciunt;
1064 2205 1191 2277 reliquas
1220 2204 1374 2262 nonnullas
1403 2205 1452 2261 bic
1482 2207 1584 2277 repetii
1612 2209 1722 2278 partim

369 2313 541 2379 propterea,
574 2305 654 2378 quod
684 2307 817 2379 exempla
846 2306 993 2380 beliotype
1017 2307 1154 2364 evanidas
1182 2307 1244 2364 illas
1266 2308 1478 2379 inscriptiones,
1505 2314 1538 2364 ut
1559 2313 1722 2366 consenta-

369 2425 456 2467 neum
480 2416 535 2477 est,
560 2411 657 2464 minus
679 2408 757 2465 clare
780 2407 919 2480 exbibent
940 2415 969 2466 et
983 2411 1145 2468 curandum
1167 2410 1231 2480 luit,
1257 2416 1290 2466 ut
1303 2411 1466 2468 lectionisa
1485 2425 1533 2466 me
1548 2413 1721 2483 propositae

368 2511 535 2570 huiusmodi
563 2512 761 2583 interpretatio
789 2513 1009 2582 recognoscenti
1036 2512 1244 2585 praeberetur;
1286 2512 1429 2570 accedunt
1457 2513 1597 2585 pauculae
1627 2515 1717 2583 aliae,

369 2631 493 2687 quarum
522 2631 589 2672 cum
616 2615 704 2671 lectio
732 2622 847 2686 reperta
872 2615 1002 2672 nondum
1030 2618 1067 2672 sit
1089 2633 1122 2672 ac
1149 2615 1269 2674 tortasse
1290 2617 1414 2687 reperiri
1437 2616 1553 2673 omniuo
1576 2624 1717 2687 nequeat,

368 2719 500 2788 vestigia,
526 2733 602 2790 quae
624 2715 696 2774 mihi
718 2723 832 2774 exstare
849 2719 995 2786 videntur,
1020 2719 1219 2791 typographus
1240 2724 1460 2789 repraesentare
1484 2733 1541 2776 non
1563 2721 1665 2788 possit.

454 3113 486 3167 4..
505 3112 612 3168 llarcio
630 3111 761 3182 Philippo
785 3110 851 3167 Sex.
871 3110 942 3167 iulio
957 3108 1080 3167 Caesare
1102 3111 1273 3169 consulibus
1300 3106 1335 3188 [a.
1354 3128 1386 3168 u.
1407 3105 1478 3187 663)
1506 3111 1604 3183 populi
1626 3112 1720 3168 italici

367 3233 383 3272 a
407 3216 543 3272 Romanis
565 3207 766 3288 deiecerunt1)
800 3215 880 3272 initio
907 3219 985 3271 moto
1015 3229 1031 3268 a
1061 3212 1243 3283 Picentibus,
1276 3216 1328 3286 qui
1355 3213 1411 3271 sub
1441 3215 1529 3270 linem
1559 3215 1622 3270 eius
1649 3217 1719 3272 anni

367 3317 466 3376 Asculi
489 3316 642 3374 Servilium
669 3316 874 3388 proconsulem
897 3333 932 3372 er
955 3322 1091 3388 praetura
1120 3318 1242 3374 missum
1263 3318 1472 3390 Fonteiumque
1494 3317 1621 3387 legatum
1649 3334 1720 3374 cum

368 3420 515 3490 omnibus,
535 3421 587 3490 qui
608 3421 638 3476 in
661 3435 697 3477 eo
720 3420 826 3492 oppido
851 3428 912 3475 tum
934 3419 1065 3488 aderent,
1091 3418 1205 3476 civibus
1221 3421 1356 3478 llomanis
1378 3412 1605 3496 trucidarunt²).
1641 3420 1719 3478 Socii

368 3523 478 3581 italiam
507 3525 536 3579 in
559 3523 631 3579 duas
653 3529 751 3593 partes
773 3522 933 3580 diviserunt
962 3521 1191 3595 consulibusque
1213 3523 1330 3580 duobus
1357 3539 1424 3580 cum
1445 3522 1601 3580 duodecim
1627 3539 1721 3595 prae-

368 3623 481 3683 toribus
503 3630 607 3683 creatis
636 3626 760 3682 alterum
789 3626 904 3683 illorum
925 3625 957 3682 C.
975 3627 1095 3698 Papium
1116 3626 1246 3682 llutilum
1274 3629 1350 3699 parti
1373 3625 1564 3694 meridionali,
1590 3625 1718 3683 alterum

368 3728 404 3799 Q.
424 3721 652 3805 Poppaedium³)
679 3727 807 3785 Silonem
830 3729 1047 3801 septentrionali
1069 3723 1321 3806 praefecerunt).
1361 3730 1394 3785 ln
1416 3730 1546 3786 exercitu
1568 3730 1718 3786 sociorum

368 3837 486 3889 centum
515 3832 593 3887 milis
623 3829 754 3904 peditum
783 3834 974 3904 equitumque
1001 3832 1091 3888 luisse
1120 3831 1290 3902 traduntur,
1323 3831 1501 3902 totidemque
1528 3834 1558 3888 in
1588 3832 1719 3890 Romano

373 3929 457 4008 (App.
480 3937 507 4002 4,
525 3929 591 4010 39).
640 3933 708 3990 Ceri
730 3940 826 3991 autem
849 3940 985 4006 coeptum
1008 3939 1051 3990 est
1073 3933 1183 3991 bellum
1206 3949 1282 3991 anno
1304 3936 1468 4006 insequenti
1495 3927 1536 4010 (u.
1555 3951 1582 3990 c.
1603 3927 1675 4009 663)
1692 3931 1714 4009 5)

368 4053 437 4093 cum
458 4035 526 4093 aiibi
555 4034 592 4092 ab
614 4037 678 4093 aliis
700 4038 813 4092 lumin
835 4036 1002 4094 Picentibus
1030 4053 1047 4092 a
1076 4036 1129 4093 Cn.
1154 4038 1290 4107 Pompeio
1313 4036 1455 4094 Strabone
1476 4037 1509 4091 P.
1535 4037 1620 4092 Rutili
1643 4038 1717 4108 Lupi

368 4140 497 4197 consulis
518 4133 660 4215 legatoll.
708 4140 735 4195 is
756 4143 850 4212 primo
874 4143 967 4197 victus
989 4146 1034 4196 est
1060 4133 1153 4215 (Oros.
1176 4131 1193 4216 §
1212 4133 1260 4216 43)
1287 4139 1324 4197 ab
1348 4139 1380 4196 C.
1398 4135 1582 4210 Vidacili07),
1609 4141 1641 4196 T.
1660 4139 1719 4196 La-

437 4357 460 4418 t)
483 4356 617 4407 Diodorus
630 4359 661 4406 33
681 4369 724 4422 ap.
745 4355 833 4416 Pbot.,
854 4356 949 4407 Strabo
968 4359 982 4406 3
1002 4369 1028 4422 p.
1043 4358 1104 4416 644,
1125 4356 1216 4408 Livius
1233 4369 1291 4422 per.
1307 4360 1338 4406 ’46
1353 4375 1386 4400 ιι
1401 4357 1477 4408 Oros.
1492 4359 1517 4415 3,
1533 4359 1564 4406 43
1578 4354 1592 4422 ξ
1605 4361 1630 4416 3,
1655 4357 1719 4406 Plo-

367 4455 413 4494 rus
432 4446 458 4502 6,
474 4446 499 4503 6,
520 4443 633 4508 Appiae.
653 4441 680 4492 b.
701 4443 752 4492 cir.
769 4446 794 4503 4,
809 4445 852 4493 39.

436 4531 458 4592 6)
482 4529 538 4580 liv.
559 4541 617 4594 per.
638 4531 664 4580 et
683 4529 771 4588 Oros,
791 4529 859 4593 App.
882 4532 905 4588 4,
926 4531 969 4578 33.
989 4554 1024 4564 -
1042 4527 1079 4577 lle
1098 4527 1211 4578 Servilio
1235 4527 1270 4578 cl.
1290 4529 1439 4578 Mommsen
1459 4527 1621 4578 Stcotsrecit
1640 4528 1715 4578 eds

368 4617 391 4664 ll
405 4628 431 4680 p.
448 4618 497 4664 669
516 4617 572 4666 not.
587 4619 613 4664 6.

436 4703 460 4762 3)
482 4701 645 4764 Poppaedius
667 4703 709 4752 est
733 4702 761 4750 in
781 4698 928 4751 Periocbee
953 4698 1048 4749 codice
1065 4698 1230 4758 Nazariano,
1258 4713 1344 4763 eaque
1366 4697 1453 4750 lorma
1473 4697 1653 4750 confirmetur
1672 4700 1716 4749 in-

366 4787 575 4852 scriptionibus,
598 4787 744 4851 Popoedtos
762 4787 873 4837 Orosius
891 4788 920 4836 et
936 4783 1066 4846 Velleius,
1086 4780 1244 4852 Πομπαίδιος
1262 4784 1371 4836 iliodor.
1392 4788 1419 4835 et
1436 4786 1505 4850 App.

437 4873 459 4932 3)
481 4871 591 4923 iliodor.
612 4886 671 4923 exc.
691 4873 768 4924 Phot.
788 4885 814 4937 p.
833 4874 882 4922 339
901 4871 989 4922 Wess.

436 4957 460 5016 3)
481 4957 567 5016 Quare
593 4956 658 5008 buic
681 4971 753 5008 anno
777 4958 942 5022 principium
964 4956 1028 5008 belli
1051 4955 1212 5009 adscribunt
1237 4956 1297 5008 laeti
1315 4955 1458 5022 Capitolini
1485 4955 1528 5018 (cl.
1544 4955 1660 5022 liphem.
1681 4957 1715 5006 444

366 5058 392 5108 p.
408 5044 479 5103 633),
501 5042 569 5094 Veii.
585 5046 610 5102 6,
626 5047 668 5106 43,
688 5044 792 5094 Plinius
810 5057 837 5096 n.
852 5043 880 5094 b.
895 5046 910 5091 6
929 5042 941 5108 5
955 5047 1013 5093 499.

435 5129 459 5189 6)
481 5128 558 5179 Oros.
574 5131 598 5188 3,
616 5133 646 5178 43
665 5127 738 5194 §to;
760 5129 827 5195 App.
844 5132 868 5190 t,
884 5133 925 5178 49.

436 5217 460 5274 7)
481 5215 525 5264 Sic
552 5214 615 5276 (uon
640 5215 788 5276 indomitus)
816 5215 903 5266 orosii
928 5213 1052 5275 codices,
1081 5209 1153 5264 etet.
1174 5214 1289 5280 Appiani
1309 5217 1333 5274 4,
1350 5215 1380 5263 49
1407 5212 1516 5265 codices
1540 5213 1648 5278 optimi.
1685 5214 1714 5262 ln

368 5299 445 5350 titulo
463 5300 543 5367 Corp.
562 5300 616 5352 vol.
632 5301 669 5351 ix
686 5313 714 5350 n.
729 5302 796 5350 3466
814 5299 931 5352 hebetur
949 5313 1100 5364 cognomen
1118 5299 1297 5360 Quidacilius.
