3800 5986
366 567 438 642 120
868 581 1025 633 4444444
1044 582 1198 635 sarnus.

361 773 460 825 mentis
483 773 589 823 innisus
612 773 711 837 partim
736 768 811 822 falsis
848 773 950 836 (utpote
974 770 1096 822 collectis
1119 783 1151 821 ex
1177 771 1341 834 Desjardinii
1366 769 1516 834 amoribus)
1550 773 1649 836 partlm
1673 771 1710 822 ad

361 859 524 923 444-4444444
542 855 654 922 glandes
672 869 727 907 non
746 857 839 908 minus
856 855 1057 922 pertinentibus
1082 856 1270 920 damnaverat,
1297 856 1411 922 glandes
1429 871 1445 908 4
1463 870 1492 908 se
1511 859 1569 924 ipso
1587 858 1706 919 44444444,
1788 865 1792 871 ·

360 945 539 1009 Mogontiaci,
566 941 735 1006 Wiesbadis,
762 941 930 993 Francotnrti
948 943 1101 1007 descriptas
1122 942 1156 992 ab
1175 944 1250 992 omui
1273 944 1429 1008 suspicione
1447 942 1526 1006 longe
1550 943 1647 995 abesse
1664 955 1711 994 as·

360 1031 494 1082 soveravit
511 1032 539 1080 in
558 1042 646 1093 eoque
663 1042 757 1079 errore
776 1030 858 1079 etiam
878 1030 936 1078 tum
954 1029 1148 1094 perseveravit,
1168 1030 1315 1093 postquam
1327 1041 1397 1094 quae
1416 1029 1459 1080 iris
1472 1041 1535 1079 cnm
1553 1028 1608 1080 illis
1623 1031 1708 1080 inter·

360 1116 471 1168 cederet
489 1114 638 1167 similitudo
658 1113 765 1164 ostendi
785 1115 953 1176 (4444444444.
971 1117 1036 1162 4844
1054 1127 1081 1179 p.
1094 1117 1125 1163 48
1140 1114 1222 1178 sqq).
1260 1112 1313 1164 Eas
1336 1117 1366 1164 ut
1390 1112 1561 1177 detenderet,
1586 1115 1709 1166 admira

361 1205 516 1254 commonia
540 1199 676 1264 conlugit;
702 1213 743 1252 ex.
763 1213 803 1264 gr.
822 1199 1013 1261 Coriolanum,
1039 1198 1152 1250 Fabium
1176 1200 1339 1262 Maximum,
1369 1201 1404 1252 il.
1420 1201 1567 1251 Antonium
1592 1200 1709 1263 (scilicet

360 1287 543 1350 triumvirum)
564 1287 696 1352 aliosque,
716 1287 762 1351 qui
775 1299 829 1350 quo
847 1287 928 1351 pacto
942 1286 969 1335 in
983 1285 1125 1336 Asculanis
1138 1283 1284 1349 glandibus
1302 1284 1418 1337 inscribi
1435 1287 1574 1352 potuerint
1585 1287 1637 1338 nisi
1655 1285 1709 1338 tal·

361 1375 426 1426 sarii
444 1373 538 1426 lrande
558 1373 687 1440 explicari
708 1385 761 1423 oon
779 1374 881 1437 potest,
908 1384 962 1422 non
981 1370 1149 1422 clarissimos
1168 1371 1242 1422 viros
1260 1370 1310 1422 sed
1329 1372 1434 1435 ignotos
1452 1371 1564 1424 aliunde
1582 1372 1708 1424 homiues

359 1459 557 1525 intellegendos
576 1471 635 1510 asse
655 1457 803 1510 contendit.
834 1458 951 1509 Hauon.
966 1461 997 1506 48
1016 1467 1060 1512 sil.
1081 1447 1094 1530 Χ
1116 1469 1196 1523 inan,
1223 1471 1277 1521 qua
1295 1457 1349 1508 Silo
1369 1458 1479 1508 italicus
1497 1458 1552 1510 dux
1570 1462 1597 1509 et
1609 1459 1709 1510 4444444

361 1551 499 1601 Romanus
525 1545 581 1597 dux
605 1545 745 1595 coniuncti
769 1543 940 1606 exhibemus,
968 1544 1038 1608 Silio]
1058 1544 1187 1607 44444444)
1209 1546 1257 1595 444
1276 1545 1394 1608 liariter)
1415 1544 1544 1607 8444444444]
1569 1545 1709 1597 4444444444

358 1634 458 1684 4444444
471 1630 605 1683 vocabulo
624 1631 777 1694 significare
795 1633 915 1694 censuit;
937 1630 971 1682 ct.
984 1630 1052 1682 Sciit.
1067 1645 1094 1696 p.
1106 1634 1138 1680 44
1151 1631 1186 1682 ad
1205 1644 1232 1680 n.
1246 1635 1286 1680 lt.
1318 1631 1433 1682 Maxime
1450 1645 1517 1682 varo
1534 1645 1568 1683 eo
1585 1633 1709 1684 remedio

360 1721 387 1770 in
400 1719 568 1786 explicandis
580 1717 805 1783 inscriptionibus
822 1730 890 1768 usus
908 1722 961 1778 est,
983 1719 1014 1767 ut
1036 1718 1157 1780 ignotam
1181 1716 1291 1768 aliunde
1310 1729 1406 1768 vocem
1424 1716 1467 1769 vel
1485 1716 1600 1769 termam
1623 1721 1709 1784 prisci

359 1807 493 1858 sermonis
512 1805 597 1855 Latini
621 1803 663 1855 rel
687 1802 798 1854 dialecti
820 1802 938 1854 alieuius
958 1801 1066 1854 Italicae
1088 1815 1150 1854 esse
1172 1805 1314 1866 statueret;
1345 1803 1507 1868 quidquod
1531 1804 1709 1870 alphabetum

359 1892 530 1959 epichorium
548 1891 576 1940 in
590 1904 617 1942 n.
630 1891 664 1939 48
677 1903 704 1954 p.
720 1892 768 1938 448
788 1889 921 1940 detexisse
939 1888 991 1940 sibi
1005 1891 1142 1940 deusest.
1165 1889 1296 1955 Exempla
1309 1889 1443 1942 eiusmodi
1456 1892 1709 1957 interpretationum

359 1978 569 2043 Bergkianarnm
581 1974 686 2027 subieci
699 1974 780 2026 haec:

432 2134 456 2195 4]
477 2132 668 2197 inscriptiones
686 2131 820 2193 genuinae
839 2143 855 2180 a
873 2127 982 2180 leiserio
1001 2141 1131 2181 excusae:

512 2229 556 2292 fir,
575 2224 647 2291 apud
662 2237 711 2275 nos
724 2237 752 2273 4.
764 2227 779 2273 4
792 2237 819 2288 p.
834 2223 874 2287 48]
891 2244 922 2267 ==
935 2224 986 2290 πῦρ
999 2223 1017 2273 4.
1029 2237 1053 2275 e.
1065 2222 1141 2286 glans
1156 2221 1201 2286 (cl.
1209 2223 1261 2287 pir)
1278 2223 1409 2286 444-444444
1422 2222 1490 2273 Sabi.
1502 2236 1530 2289 p.
1543 2225 1585 2277 44.
1600 2228 1631 2275 84
1644 2239 1705 2292 sqq.

514 2315 630 2375 4444444,
650 2310 721 2360 male
739 2309 840 2360 tectum
858 2308 893 2360 ab
911 2323 944 2360 eo
963 2322 1012 2373 pro
1030 2313 1138 2373 opterpn
1156 2322 1183 2359 4.
1198 2313 1245 2374 84;
1269 2308 1304 2359 et.
1315 2323 1343 2374 p.
1360 2312 1407 2358 444
1427 2311 1454 2358 44
1474 2310 1532 2374 448]
1551 2331 1583 2354 =
1599 2313 1708 2363 4444444

573 2409 600 2462 p.
617 2399 659 2448 44.
676 2397 718 2444 444

515 2499 649 2563 lusciosis,
670 2511 698 2548 n.
713 2497 755 2562 84]
776 2518 808 2540 a·-
827 2496 928 2561 tntiero)
948 2499 991 2548 444
1009 2498 1050 2547 sio
1068 2498 1085 2547 4.
1100 2511 1125 2548 4.
1139 2497 1220 2548 libera
1238 2499 1282 2549 444
1299 2499 1348 2548 4444
1365 2511 1390 2563 p.
1408 2498 1457 2545 444

431 2639 456 2700 8)
476 2636 617 2701 inscriptio
636 2635 761 2699 suspecta
779 2648 795 2685 4
814 2633 922 2685 44444444
941 2646 1055 2686 excusa:

516 2734 532 2775 4
550 2735 584 2772 444
602 2720 703 2772 ltiiuieii
722 2719 818 2785 glande
837 2723 973 2786 suspecta,
1001 2719 1074 2786 apud
1093 2733 1143 2771 nos
1161 2733 1188 2770 n.
1206 2721 1263 2785 488]
1285 2720 1344 2774 tort.
1357 2745 1389 2767 =
1404 2727 1465 2790 444]
1486 2723 1614 2789 Berglius
1632 2739 1659 2791 p.
1675 2728 1706 2776 84

566 2807 669 2859 addans
682 2807 716 2858 de
729 2806 782 2858 hac
805 2818 821 2859 1³
841 2807 900 2870 isio,
921 2819 974 2856 non
993 2807 1022 2871 4]
1038 2798 1098 2857 ‘der
1110 2807 1346 2871 Schriftrtioroirter
1357 2815 1433 2864 444444
1444 2814 1499 2863 dies
1513 2811 1637 2863 Goscboss
1648 2812 1707 2862 dem

567 2893 885 2958 Bandesqenossonttrieqe
896 2887 949 2950 ul:
971 2893 1126 2944 cuiusmodi
1142 2893 1350 2946 ratiocinatione
1363 2898 1446 2948 etiam
1459 2899 1486 2948 ln
1500 2897 1561 2949 aliis
1573 2910 1639 2950 asna
1652 2901 1703 2949 est.

431 3052 454 3114 8)
477 3049 669 3114 inscriptiones
688 3061 704 3097 a
722 3045 831 3098 falsario
850 3060 883 3096 en
901 3047 1002 3112 spuriis
1019 3045 1063 3096 vel
1082 3047 1152 3100 male
1171 3046 1248 3100 lectis
1270 3052 1401 3116 repetitae
1419 3053 1466 3104 aut
1483 3055 1595 3104 omnino
1614 3053 1704 3104 lictae:

513 3145 550 3208 444
573 3155 623 3209 pro
647 3156 674 3196 4.
696 3146 728 3192 48
753 3153 807 3195 sati
831 3143 848 3192 i.
870 3156 894 3194 4.
912 3142 964 3205 seri
982 3141 1091 3208 lectum]
1121 3143 1148 3193 in
1176 3144 1293 3196 dialecto
1312 3147 1411 3200 Picena
1438 3161 1488 3214 ilro
1513 3148 1564 3211 4444
1590 3148 1706 3210 dictum,

567 3228 697 3292 Bergkiua
714 3240 741 3292 p.
758 3231 800 3278 44.
820 3231 852 3278 48

512 3335 565 3398 pir,
587 3334 748 3396 corruptum
767 3345 800 3381 en
817 3341 880 3390 444,
908 3345 935 3381 4.
951 3335 965 3380 4
984 3345 1011 3396 p.
1026 3295 1068 3394 44]
1089 3333 1116 3381 44
1136 3333 1249 3394 Picena,
1269 3335 1340 3385 siout
1359 3337 1386 3385 in
1407 3335 1573 3388 Vmbrorum
1591 3336 1707 3390 dialecto

568 3438 600 3461 --
613 3419 673 3484 rip,
693 3415 839 3469 blidam
858 3415 931 3482 quod
945 3409 1053 3480 ‘glans'‚
1072 3429 1100 3482 p.
1116 3419 1147 3466 48

518 3523 596 3583 tropi,
616 3534 649 3570 ex
666 3521 759 3586 spuria
778 3533 805 3570 n.
822 3517 870 3570 lt*
884 3520 1033 3585 sumptum]
1052 3533 1068 3570 4
1086 3524 1187 3584 trepere
1204 3535 1232 3586 p.
1249 3524 1279 3571 88

517 3612 585 3657 tomr
601 3619 650 3671 pro
669 3616 753 3659 40444
772 3618 798 3655 n.
815 3608 838 3664 8,
854 3605 896 3668 84]
918 3605 992 3654 taber
1009 3617 1035 3668 p.
1052 3607 1083 3653 48

516 3703 595 3746 Ponti
618 3705 651 3742 444
670 3701 750 3744 nonin
769 3705 796 3742 4.
813 3695 838 3753 8,
854 3694 885 3740 84
904 3690 1074 3753 corruptum]
1096 3691 1238 3754 Pometiam)
1259 3705 1286 3756 p.
1302 3694 1332 3741 44

516 3787 604 3832 corda
623 3791 656 3828 ex
674 3787 757 3831 40444·
771 3789 797 3827 n.
810 3781 835 3839 8,
847 3781 861 3826 4
875 3775 1043 3840 corruptum]
1060 3781 1173 3828 44444444
1184 3779 1232 3828 aut
1246 3777 1367 3830 04444444
1379 3781 1426 3830 aut
1441 3778 1570 3831 0444444444
1582 3794 1609 3846 p.
1622 3785 1650 3831 84
1664 3795 1706 3848 sq.

517 3877 565 3916 eor
582 3877 615 3913 444
634 3878 661 3914 n.
678 3865 708 3912 44
729 3862 800 3913 mala
818 3861 898 3924 44444]
919 3873 964 3912 444
981 3875 1008 3926 p.
1022 3864 1070 3910 448
1125 3889 1127 3895 .

515 3963 592 3999 44444
608 3962 643 3999 444
660 3963 686 4000 n.
700 3953 732 3998 44
754 3949 854 4008 Fulvio,
875 3945 909 4000 cl.
924 3947 1026 3998 ltiinicii
1044 3947 1200 4012 imaginem]
1219 3961 1310 4000 mosen
1329 3951 1347 4000 i.
1361 3965 1385 4000 4.
1399 3949 1476 4014 glans
1496 3963 1521 4015 p.
1537 3953 1584 4002 444

517 4040 590 4087 tason
609 4049 642 4084 ex
661 4048 687 4084 n.
703 4037 735 4083 88
750 4047 790 4098 sq.
804 4046 854 4098 pro
873 4033 967 4095 tomen]
989 4033 1082 4083 4444444
1100 4047 1126 4099 p.
1140 4035 1189 4082 484

517 4125 628 4170 44444444
646 4133 679 4170 444
698 4133 725 4171 n.
741 4122 773 4167 88
792 4133 817 4170 v.
832 4122 858 4180 8,
879 4117 914 4169 44.
929 4121 985 4168 not.
1000 4119 1028 4167 lo
1047 4117 1110 4182 line]
1131 4119 1239 4170 betimos
1261 4119 1351 4181 (imus)
1371 4133 1396 4185 p.
1411 4123 1460 4169 484

517 4219 537 4262 u
556 4193 561 4282 Ι
581 4217 633 4257 Psi
654 4195 666 4279 1
687 4215 824 4259 0chle
843 4219 877 4255 ex
895 4219 921 4255 4.
938 4207 968 4254 48
986 4209 1040 4267 pot.
1057 4206 1194 4256 octoviani
1211 4204 1307 4268 4444444]
1323 4196 1385 4256 ‘Die
1399 4205 1560 4271 lirqdnranp
1580 4206 1629 4271 (fiir
1645 4212 1707 4273 pete

569 4291 763 4354 Octavia(numi
784 4293 817 4342 ist
834 4281 926 4342 aioter'
944 4303 970 4355 p.
986 4293 1045 4349 448,
1066 4288 1099 4341 et.
1115 4304 1141 4356 p.
1156 4294 1188 4340 84

490 4425 492 4430 -
521 4395 655 4448 comoros
673 4409 705 4446 444
725 4405 885 4448 caiisaavs
903 4407 931 4443 n.
946 4395 977 4443 44
998 4406 1013 4443 4
1032 4391 1141 4443 falsario
1165 4393 1283 4443 litteram
1302 4407 1320 4447 44
1339 4394 1408 4444 male
1433 4396 1619 4461 interpretanti
1644 4409 1707 4448 eor-

568 4481 688 4546 ruptum]
711 4479 812 4532 Censor
831 4479 967 4540 [alludens
984 4477 1019 4528 ad
1037 4477 1196 4540 4444444444]
1216 4480 1277 4529 4444
1295 4478 1405 4531 militari
1426 4494 1476 4546 pro
1498 4482 1597 4534 Caesar
1615 4497 1641 4548 p.
1657 4488 1705 4533 444

514 4597 576 4648 pon,
597 4582 632 4636 cl.
647 4598 673 4649 p.
690 4587 738 4632 488
759 4583 785 4632 44
804 4582 894 4632 indice
908 4582 1064 4644 spuriarum
1078 4582 1131 4632 ine.
1146 4580 1207 4632 lect.
1223 4581 1265 4644 88]
1287 4603 1318 4624 =
1337 4587 1414 4646 panio
1431 4598 1456 4649 p.
1473 4587 1520 4634 444

517 4669 601 4733 alsait]
622 4690 654 4713 =
674 4667 734 4720 4444
751 4668 801 4732 tint
821 4667 878 4731 [snit
896 4669 981 4732 =flr
998 4665 1155 4730 legiensi
1178 4680 1206 4731 p.
1221 4670 1262 4719 85.
1282 4669 1330 4717 444

517 4769 548 4806 or
565 4755 610 4818 fri,
631 4755 664 4818 cs.
679 4769 706 4820 p.
724 4758 771 4803 488
790 4767 818 4804 4.
833 4753 892 4816 484]
914 4771 946 4795 ==
965 4765 993 4802 os
1010 4752 1062 4816 [eri
1079 4765 1106 4817 p.
1120 4755 1164 4802 444

516 4852 681 4896 44444148
703 4839 745 4901 (de
764 4852 785 4892 v
804 4855 819 4890 a
838 4839 947 4890 falsario
967 4852 1173 4904 nonnumquam
1192 4840 1314 4892 adbibita
1334 4842 1456 4892 dixeram
1469 4841 1627 4894 Menanter.
1640 4847 1707 4894 4444

569 4940 595 4992 p.
613 4927 666 4991 44]]
693 4927 719 4978 V.
739 4926 919 4992 (praenomen)
944 4923 1078 4991 0444444444]
1100 4939 1126 4991 p.
1143 4928 1174 4974 44

518 5030 555 5082 ll.
579 5029 747 5088 0444444444,
777 5031 794 5080 i.
818 5043 842 5080 e.
867 5028 999 5092 44444444]
1026 5028 1179 5080 Coriolanus
1196 5032 1228 5079 ut
1252 5025 1427 5081 ostehderam
1452 5029 1519 5082 ibid.
1539 5046 1565 5098 p.
1588 5035 1630 5083 48.
1658 5037 1705 5090 84;

568 5113 602 5164 44.
617 5128 699 5180 supra
712 5129 739 5180 p.
755 5115 796 5178 88]
819 5115 855 5164 n.
876 5127 1043 5179 praenomen
1061 5115 1255 5180 interpretatur
1271 5129 1299 5182 p.
1315 5119 1363 5166 484

517 5229 635 5270 roms
654 5206 658 5295 l
679 5229 770 5272 404444
793 5231 825 5268 444
838 5230 950 5268 nummo
969 5216 1106 5269 alnlsario
1126 5219 1270 5283 repetitum
1281 5232 1342 5270 esse
1360 5219 1534 5271 ostenderam
1549 5221 1706 5274 denotatior.

570 5307 635 5354 4844
654 5318 682 5370 p.
698 5307 745 5364 48;
766 5303 801 5354 44.
816 5316 898 5368 supra
917 5317 944 5368 p.
960 5302 1001 5366 88]
1023 5323 1055 5346 -..-
1073 5309 1139 5354 mete
1156 5304 1219 5368 4444]
1239 5307 1287 5354 444
1304 5305 1378 5368 riori)
1399 5319 1426 5370 p.
1442 5307 1490 5356 448
