3702 5962
715 593 915 647 rmrsrro.

390 770 425 830 t.
450 765 577 848 Atatem]
596 766 682 830 calca
708 763 757 848 (66)
783 766 902 844 Fulvia,
925 765 1027 828 666666
1046 764 1185 848 66666666)
1207 765 1246 826 66

392 869 534 934 Comae..
556 869 639 950 felic)
665 867 806 952 (minen)
834 870 886 950 66,
912 867 953 931 66.
979 865 1020 930 67

390 975 507 1036 esureis
530 980 558 1036 et
579 990 626 1034 rue
648 971 730 1036 celas
752 973 792 1033 86

387 1075 508 1158 pertice
524 1075 560 1156 (9)
588 1075 628 1138 89

348 1179 488 1242 lacertae
517 1186 593 1240 sunt
623 1176 908 1258 interpretationis,
949 1175 1007 1238 sed
1038 1176 1100 1238 hue
1123 1174 1275 1238 videntur
1305 1175 1485 1256 pertinere:

393 1281 530 1344 63-66.
559 1277 612 1342 67.
639 1281 690 1341 69.
717 1280 769 1341 66.
796 1278 836 1340 86

333 1384 364 1468 6)
392 1386 425 1448 in
448 1383 634 1446 Liburnica:
657 1383 832 1465 pertinacia
855 1399 907 1444 uos
929 1382 1082 1446 radicitus
1106 1380 1198 1464 tallllet
1221 1382 1282 1443 699

227 1504 256 1589 7)
286 1506 425 1588 insignia
435 1504 471 1584 ¹),
507 1501 534 1586 6)
570 1503 603 1564 in
632 1501 816 1564 Asculanis:

392 1609 488 1690 pugio
521 1604 584 1688 (vel
612 1601 747 1687 gladius)
786 1604 840 1666 38.
869 1603 918 1686 (39
928 1603 968 1688 i),
1002 1604 1152 1668 adiuncta
1183 1604 1389 1685 inscriptione
1417 1605 1491 1666 ltoti

435 1710 486 1789 36,
519 1708 588 1770 Gal.
616 1709 667 1786 ί6,
701 1707 756 1790 666.
784 1707 838 1770 XV
858 1707 909 1786 36,
950 1707 1011 1768 alia
1034 1705 1170 1788 quadam
1194 1707 1294 1788 figura
1318 1709 1353 1768 66

393 1812 497 1894 palma
520 1811 557 1894 (i)
581 1811 621 1873 63

392 1918 530 1978 incertae
553 1913 792 1995 significationis
816 1913 868 1974 69.
896 1913 948 1974 66.
976 1912 1036 1972 663

395 2017 527 2100 [ladmen
559 2017 598 2077 66
675 2025 685 2100 )

396 2118 578 2202 [delphinus
609 2117 648 2178 66
674 2105 690 2190 )

334 2221 365 2304 b)
393 2223 426 2286 in
449 2223 603 2304 llispana:
630 2220 751 2283 fulmen
774 2221 895 2282 alatum
916 2219 955 2280 69

339 2325 365 2406 6)
393 2327 427 2387 in
449 2325 586 2406 Regina:
613 2321 735 2386 lulmen
756 2325 875 2387 alatum
898 2321 934 2383 66

337 2427 369 2509 6)
395 2429 429 2490 in
457 2427 639 2490 Perusinis:
671 2425 794 2488 lulmen
828 2423 872 2506 (66
905 2423 1069 2487 nonnullis
1101 2425 1221 2488 alatum
1252 2435 1288 2490 ut
1318 2425 1399 2508 rid„
1437 2447 1488 2491 ex.

392 2550 439 2611 gr.
458 2531 508 2612 68)
531 2530 604 2608 693,
631 2528 780 2594 adiuncta
805 2528 1012 2610 inscriptione
1028 2529 1154 2592 Fuluiae
1174 2529 1340 2612 {leudicam
1351 2539 1420 2614 peta
1435 2533 1488 2612 66,

394 2633 511 2697 Caesar
533 2634 606 2714 imp.
633 2633 685 2707 63,
719 2634 836 2696 Caesar
855 2630 939 2713 felioc
960 2633 1019 2710 66,
1061 2631 1178 2694 Caesar
1308 2633 1361 2711 67,
1391 2634 1492 2716 Rufus

435 2738 505 2818 imp.
533 2737 592 2814 68,
629 2733 722 2816 elpidi
740 2753 792 2817 pr.
816 2734 873 2816 pil.
899 2733 921 2798 l.
952 2735 993 2796 VI
1012 2732 1064 2797 73.
1091 2734 1150 2814 78,
1191 2737 1235 2800 tt.
1260 2735 1424 2820 recitatoris
1448 2747 1489 2800 tr.

435 2839 499 2901 mil.
527 2838 547 2902 ί.
574 2839 618 2900 Χ]
637 2837 697 2916 76,
735 2839 756 2902 ί.
782 2835 1180 2918 X1,divom1uliam77‚
1217 2841 1252 2902 t.
1276 2841 1367 2904 Rusti
1390 2841 1494 2924 Optatt'

437 2960 534 3005 am..
560 2942 601 3004 83
625 2940 768 3022 (fulmine
792 2941 940 3016 incerto),
968 2986 1062 3003 .......
1088 2942 1150 3002 939
1172 2942 1213 3003 96

337 3043 363 3125 6)
392 3043 425 3106 in
454 3045 594 3107 Cumana
624 3041 793 3124 (siquidem
815 3043 856 3107 de
879 3043 1001 3125 origine
1024 3053 1108 3106 66666
1132 3043 1284 3108 traditum
1308 3046 1390 3130 est):
1428 3045 1494 3110 lul-

392 3165 465 3210 men
489 3146 550 3207 l08
573 3165 647 3210 cum
670 3146 877 3229 inscriptions
900 3145 1047 3209 evanida.

227 3251 296 3312 Non
328 3249 467 3312 alienum
497 3267 574 3312 are
605 3247 702 3312 tuerit
728 3248 869 3312 brevitor
898 3266 1082 3330 6666666666
1105 3248 1256 3330 Graecas,
1289 3251 1493 3334 quandoqui-

139 3352 214 3415 dem
245 3371 263 3414 a
295 3352 422 3416 Graecis
449 3353 580 3414 Romani
604 3349 881 3414 inscribendarum
904 3369 1031 3432 quoquc
1056 3350 1219 3432 glandium
1241 3371 1336 3415 usum
1359 3371 1492 3436 accepe-

141 3453 263 3536 runt2).
308 3454 413 3518 Etiam
441 3456 475 3517 in
506 3453 569 3518 illis
591 3455 718 3518 nomina
740 3455 866 3535 propria
889 3454 1112 3535 reperiuntur,
1150 3471 1232 3534 quae
1255 3464 1413 3536 quatenus
1436 3476 1494 3520 ex-

141 3557 256 3640 plicari
283 3567 418 3638 possunt
444 3561 517 3635 (666
547 3575 648 3638 pauca
678 3558 764 3618 enim
791 3575 857 3620 una
887 3556 937 3617 val
969 3554 1079 3637 paucis
1109 3555 1225 3620 litteris
1255 3567 1361 3620 notata
1389 3560 1490 3642 sunt),

141 3661 332 3743 populorum
356 3669 432 3723 sunt
460 3659 512 3722 vel
541 3660 704 3722 hominum
734 3660 756 3720 i.
782 3679 811 3722 e.
844 3657 1056 3740 reipublicae,
1082 3659 1183 3740 regis,
1217 3657 1325 3740 ducis,
1358 3680 1493 3743 quorum

141 3763 329 3826 auctoritate
358 3773 414 3826 666
436 3761 536 3826 66666
566 3762 685 3824 bellum
715 3760 896 3843 gerebatur.
954 3761 1099 3842 Numqua
1128 3763 1227 3825 insint
1248 3762 1289 3826 ad
1317 3762 1494 3830 funditores

143 3866 333 3948 spectantia,
359 3865 499 3928 discerni
521 3867 643 3947 naquit.
691 3866 829 3946 Corpora
850 3864 1000 3928 militaria
1022 3865 1150 3927 omnino
1178 3883 1241 3928 non
1265 3877 1491 3932 memorantur.

712 2084 820 2128 earum
844 2021 930 2126 fides
947 2064 1046 2128 dubiu
1070 2064 1128 2147 cst]

143 3970 310 4031 Praeterea
332 3976 369 4031 ut
390 3969 424 4029 in
439 3968 587 4030 llomenis
610 3969 653 4031 ita
676 3968 707 4030 in
732 3969 781 4030 his
803 3985 930 4048 666666
953 3966 1192 4031 acclamationes
1214 3971 1421 4050 reperiuntur
1440 3992 1490 4034 ex.

142 4090 191 4154 gr.
218 4069 318 4152 δέξαι,
356 4064 433 4156 λάβε
444 4071 488 4152 3),
525 4069 566 4133 66
589 4069 675 4152 6666
705 4089 805 4152 genus
832 4067 986 4132 videntur
1009 4068 1196 4133 referendae
1227 4083 1297 4134 essa
1320 4075 1416 4136 etiam
1432 4094 1494 4138 eae

142 4173 367 4254 inscriptiones
391 4174 531 4254 Siculae,
568 4191 650 4255 quac
684 4171 725 4235 ad
748 4173 868 4235 ballum
891 4171 1008 4234 servile
1048 4172 1085 4254 (a.
1124 4173 1314 4260 666-666)
1350 4186 1495 4259 spectare

142 4285 231 4339 recte
260 4285 430 4358 putantur:
467 4273 533 4359 νίκη
557 4268 752 4360 Ἀθηνίωνος,
785 4271 854 4358 νίκη
877 4269 947 4347 Διὸς
976 4272 1137 4362 κεραυνίου
1164 4276 1250 4358 (vide
1276 4297 1308 4359 p.
1327 4280 1393 4363 80),
1425 4279 1493 4364 νίκη

135 4373 307 4464 Ἡρακλέος
316 4379 350 4459 ⁴),
376 4378 444 4463 νίκη
468 4375 627 4466 Ματέρος,
654 4376 720 4462 νίκη
744 4374 892 4462 Ματέρων
921 4373 1108 4464 (Μητέρων);
1141 4380 1259 4462 quibus
1282 4381 1414 4446 fortusse
1437 4380 1496 4444 ad-

214 4569 238 4630 t)
259 4566 359 4618 Earum
379 4566 534 4632 glandium,
560 4569 587 4617 tn
606 4580 660 4632 666
679 4567 783 4631 insigne
802 4565 890 4618 solum
909 4567 1068 4633 exhibetur,
1097 4573 1310 4621 consentaneum
1329 4571 1371 4620 est
1386 4582 1431 4621 me
1449 4585 1495 4621 rc-

142 4653 250 4718 ccpisse
269 4655 373 4704 6666666
394 4653 463 4717 illas,
483 4665 556 4718 quae
574 4651 608 4703 66
628 4651 701 4703 idem
718 4652 822 4704 bellum
840 4657 922 4718 66666
933 4653 1026 4704 Louna
1046 4655 1190 4720 inscriptae
1209 4654 1346 4720 portinent
1364 4655 1406 4705 vel
1422 4659 1495 4708 carte

142 4737 275 4789 videntur
291 4740 443 4804 pertinera;
472 4737 576 4790 exclusi
595 4739 676 4803 lgltur
694 4738 797 4791 Siculas
821 4738 971 4803 quasdam,
998 4740 1099 4806 quippe
1122 4752 1192 4804 quae
1210 4739 1283 4789 houd
1307 4740 1391 4791 dubio
1410 4743 1495 4793 Graa-

142 4837 241 4875 ccrum
259 4825 326 4888 sint3
351 4837 434 4876 unam
458 4837 484 4874 6.
501 4828 565 4886 668,
595 4837 666 4890 6666
684 4825 778 4876 Cumis
795 4826 940 4890 provenire
957 4824 1057 4887 turtur,
1083 4825 1182 4876 admisi
1205 4829 1351 4892 propterea
1375 4827 1447 4894 6666
1467 4831 1494 4880 in

142 4909 228 4960 alteru
248 4913 324 4976 parte
342 4909 452 4962 Latinas
470 4910 574 4961 litteras
592 4909 705 4962 tortasse
724 4909 840 4964 exhibet.

215 4997 240 5058 6)
261 4995 322 5061 lpse
341 4997 459 5047 Graecas
476 4995 587 5060 666666
604 4996 716 5060 glandes
735 4996 842 5060 collegi.
874 4995 952 5063 6666
965 4995 1127 5048 Viscberum
1142 4997 1416 5066 Scbleuderpescbosre
1429 5003 1495 5051 4866

142 5093 169 5144 6.
186 5083 219 5130 tt
238 5094 343 5142 aarum,
364 5095 434 5147 quae
451 5083 509 5132 tum
527 5085 609 5133 notae
626 5085 718 5145 orant,
747 5083 957 5148 inscriptionum
982 5082 1129 5135 elenchum
1152 5087 1273 5152 reperies
1290 5088 1495 5151 auctiorcmque

142 5166 168 5216 in
189 5165 314 5218 ciusdem
334 5167 464 5231 Sobrit‘taa
482 5168 504 5218 ll
522 5181 549 5232 p.
564 5171 625 5218 686.

214 5253 237 5310 tl
257 5249 399 5324 τρωγάλιον
419 5255 539 5304 incertae
558 5252 603 5304 vel
622 5253 722 5318 potius,
743 5253 774 5303 ut
793 5252 858 5303 mihi
876 5252 994 5313 videtur,
1014 5253 1098 5308 taleae
1116 5256 1242 5308 lectionis
1259 5261 1309 5310 ast.

214 5338 236 5400 6)
259 5337 294 5391 cl.
315 5340 430 5400 Salinas,
450 5339 547 5390 donati
565 5337 623 5390 dell'
643 5339 706 5392 lost.
729 5342 794 5389 teis
813 5353 839 5405 p.
855 5342 898 5390 tt.

348 5443 383 5493 Vl
1271 5445 1289 5496 b
