3702 5962
670 615 870 666 PRAEFATIO.
1350 627 1447 676 xm

139 784 245 864 dium,
284 795 473 868 excerptum
503 805 545 848 ex
575 785 714 866 catalogo
742 789 776 849 L.
800 788 961 864 lluelleri,
994 789 1036 850 lo.
1063 787 1143 851 Lud.
1168 790 1336 872 Vssingius
1366 791 1445 853 mibi

137 888 280 970 benigne
303 889 480 951 transmisit
504 889 543 950 48
566 889 635 952 488.
663 889 757 951 4883.

103 990 335 1072 4488884488,
361 1009 506 1054 museum
528 990 566 1054 88
586 991 618 1054 48
634 993 721 1054 Parte
740 990 778 1054 88
792 993 869 1072 Hal,
894 991 982 1074 quod
1004 1011 1068 1054 non
1089 991 1171 1073 adii,
1196 994 1338 1056 continet
1360 1012 1448 1057 8888

139 1095 372 1176 supellectilem
394 1095 618 1175 antiquarium,
651 1113 747 1177 quam
770 1095 896 1176 collegit
918 1095 953 1158 E.
980 1094 1021 1159 de
1043 1098 1177 1159 ilcester
1200 1094 1241 1158 de
1263 1097 1444 1160 Ravestein.

141 1196 300 1274 Glandes,
326 1215 407 1277 quas
422 1197 576 1279 Bergkius
587 1197 693 1260 annal.
707 1198 809 1260 44888.
826 1195 925 1280 88(86
949 1197 1054 1280 (4878)
1082 1219 1116 1280 p.
1135 1201 1174 1261 49
1190 1225 1233 1254 -.-.
1249 1199 1444 1282 8884848888.

141 1321 175 1382 p.
197 1301 257 1362 448
282 1302 315 1363 48
338 1318 450 1362 museo
472 1298 610 1380 quodam
632 1299 756 1382 privato
778 1310 904 1364 exstare
927 1301 1011 1364 dixit
1033 1302 1169 1365 848848
1191 1300 1366 1383 descriptas
1388 1321 1447 1365 ex-

141 1403 264 1482 hibuit,
297 1402 558 1466 lievesteinianas
588 1421 658 1466 asse
686 1412 765 1485 puto
799 1401 852 1486 (84.
878 1401 918 1468 88
949 1423 982 1466 8.
1000 1404 1069 1484 24).
1123 1405 1205 1468 Sunt
1233 1413 1342 1468 autem
1369 1405 1444 1468 bae:

142 1507 169 1586 4)
201 1527 244 1569 ou
266 1525 367 1569 8888
402 1503 447 1586 (88
470 1505 520 1568 88.
547 1506 583 1588 44)
618 1503 701 1588 [fort.
727 1525 762 1569 8.
788 1505 859 1588 86),
908 1507 938 1590 2)
965 1527 1034 1570 erar
1056 1503 1179 1590 11an
1212 1506 1294 1588 [fort.
1320 1526 1351 1570 8.
1375 1507 1442 1590 73),

140 1610 169 1688 3)
200 1629 268 1673 ·1.x·
293 1609 306 1690 )
327 1609 452 1693 gladius
484 1607 569 1688 [vide
592 1628 624 1671 8.
643 1611 683 1672 24
707 1607 843 1692 88884),
884 1609 913 1690 4)
941 1610 1215 1692 v1.-Bergkias
1237 1612 1309 1692 8.8
1336 1607 1398 1693 [ed.
1419 1611 1444 1672 44

141 1729 174 1791 p.
193 1711 245 1793 48]
278 1711 311 1772 48
335 1729 445 1773 museo
472 1711 643 1774 Ravestein
673 1710 821 1793 glandem
852 1713 985 1776 Etrusco
1015 1713 1200 1793 inscriptam
1229 1722 1356 1777 exstare
1378 1731 1447 1774 me-

142 1814 285 1877 moravit.
309 1847 354 1860 —
374 1812 421 1876 Ci.
447 1812 489 1877 88
510 1832 543 1876 8.
561 1813 616 1876 24.

105 1917 266 1996 london,
299 1935 447 1980 museum
476 1917 705 1982 Britannicum.
751 1915 843 1980 Anno
868 1916 949 1979 4878
982 1919 1014 1979 48
1045 1935 1082 1980 88
1105 1918 1285 1981 examinavi
1308 1916 1445 1998 'glandes

141 2021 234 2101 CVll,
266 2019 483 2083 benivolentia
513 2019 643 2084 8848488
679 2039 788 2084 eorum
818 2019 976 2100 virorum,
1010 2022 1067 2102 qui
1095 2019 1194 2083 rebus
1223 2020 1364 2100 antiquis
1386 2019 1445 2083 ad-

145 2123 310 2187 servandis
332 2121 485 2205 praefeoti
506 2133 593 2187 sunt.
639 2125 766 2188 Latinae
788 2132 864 2186 sunt
886 2142 1015 2186 novem:
1041 2143 1074 2186 8.
1093 2125 1124 2204 6,
1142 2144 1215 2188 rae-er
1239 2122 1377 2205 (praeter
1390 2123 1448 2186 bas

142 2236 275 2290 testante
306 2227 411 2290 Count
431 2224 461 2289 d'
484 2225 618 2290 Albania
648 2227 686 2290 44
711 2227 771 2289 4484
796 2226 876 2288 4883
909 2235 987 2289 4888
1016 2227 1136 2290 nullam
1166 2245 1313 2290 museum
1342 2227 1448 2308 possi-

143 2330 239 2394 debat
252 2331 363 2394 Latine
387 2330 593 2411 inscriptam),
618 2350 651 2393 n.
669 2332 701 2406 4,
720 2349 764 2408 ι8;
792 2331 822 2410 9,
842 2349 885 2408 ι8;
914 2329 975 2391 447
995 2327 1124 2411 (888888
1152 2331 1221 2408 664,
1241 2352 1265 2393 1.
1283 2349 1313 2406 ²3
1341 2327 1413 2410 674,
1432 2353 1445 2392 8

147 2434 275 2515 (888848,
300 2442 337 2496 84
358 2432 507 2512 videtur).
555 2435 747 2513 Saguntinas
769 2433 904 2495 Graecas
924 2431 968 2496 ad
988 2452 1022 2496 8.
1046 2433 1098 2512 to,
1125 2434 1268 2514 lapillum
1292 2432 1339 2495 ibi
1360 2431 1447 2515 apud

142 2535 312 2599 ltobertum
344 2534 452 2618 lleadv
486 2543 664 2598 exstantem
691 2533 734 2598 88
755 2553 786 2598 8.
806 2532 866 2596 974
892 2535 1078 2598 memoravi.
1108 2569 1149 2582 -·
1175 2536 1296 2617 Ectvpa
1322 2555 1341 2598 a
1365 2535 1447 2598 4488-

145 2638 205 2720 dvo
227 2637 372 2702 48848888
394 2639 473 2701 mibi
495 2648 689 2702 curaverunt
709 2637 748 2701 Α.
774 2641 805 2701 S.
831 2640 956 2720 llurray
978 2648 1011 2701 et
1038 2638 1215 2702 Guilelmus
1237 2639 1373 2720 Wrigbt.
1403 2672 1447 2684 —

145 2741 281 2805 Glandes
303 2761 377 2804 cum
399 2750 473 2804 8848
502 2741 563 2804 4488
591 2759 698 2804 8888
728 2741 871 2804 44844888
901 2743 977 2804 anni
1000 2740 1094 2820 4877,
1132 2759 1195 2823 quo
1224 2739 1360 2804 4848888
1390 2759 1446 2822 ge·

144 2845 250 2906 884848
272 2845 393 2906 certius
415 2842 598 2906 8488888888
620 2842 731 2922 848484,
757 2845 1018 2923 examinaverim,
1044 2842 1178 2908 dubium
1197 2842 1275 2906 mibi
1290 2853 1444 2923 remanet,

145 2946 222 3027 quid
246 2946 286 3010 88
313 2965 346 3008 8.
367 2945 428 3007 447
451 2953 482 3009 84
504 2964 536 3008 8.
556 2944 626 3024 674,
645 2968 658 3010 8
688 2945 893 3012 8484888888
924 2949 982 3024 844;
1025 2946 1221 3029 reliquarum
1250 2945 1373 3010 indoles
1395 2945 1446 3008 vel

147 3068 186 3111 ex
206 3051 326 3132 ectypis
350 3058 437 3112 certo
460 3048 600 3112 discerni
622 3050 737 3130 potuit.

107 3153 316 3234 ttvcrpoot,
350 3152 464 3232 llayeri
493 3169 640 3214 museum
670 3170 756 3216 8888
779 3170 851 3215 888
881 3171 992 3215 88888
1021 3153 1209 3234 municipali
1230 3153 1444 3217 coniunctum.

146 3253 222 3317 Vide
243 3273 275 3317 8.
295 3256 349 3331 88,
366 3277 392 3318 t.
652 3321 656 3330 ,

107 3357 299 3420 84888888
321 3359 353 3420 44
360 3357 408 3420 tlt
434 3356 540 3438 (448884
562 3357 740 3438 8484448848,
766 3357 966 3441 4448848888),
992 3356 1028 3420 C.
1052 3358 1088 3419 D.
1112 3359 1147 3420 E.
1170 3358 1330 3419 Fortnum.
1365 3355 1446 3418 Vide

145 3477 177 3522 n.
194 3461 233 3522 26
256 3469 320 3523 884.
348 3459 401 3538 89,
419 3479 444 3524 4.
470 3461 522 3538 86,
542 3480 571 3537 8;
598 3459 650 3540 73,
670 3480 694 3524 8.

144 3563 202 3625 784
224 3563 313 3644 glans
336 3582 369 3625 8.
389 3562 441 3643 89,
469 3581 565 3646 quam
588 3564 612 3624 4.
630 3563 664 3624 44.
683 3563 771 3626 Pinto
794 3561 949 3645 possedit,
975 3581 1061 3624 nunc
1084 3569 1197 3639 exstet,
1225 3562 1343 3623 nescio.

108 3667 227 3730 Poris.
272 3665 303 3748 8)
329 3667 460 3728 bonore.
500 3666 591 3728 Anno
609 3665 691 3728 4882
716 3685 861 3729 museum
884 3664 1077 3747 possidebat,
1103 3673 1230 3746 praeter
1251 3664 1446 3744 exemplaria

94 3756 97 3764 ’
145 3769 355 3851 anepigrapba
371 3768 492 3848 decem,
516 3765 648 3848 glandes
664 3768 799 3832 Graecas
815 3786 939 3848 novem,
965 3767 1091 3830 Latinas
1107 3766 1187 3830 8888
1208 3766 1251 3848 (8.
1269 3765 1322 3848 68,
1341 3789 1355 3830 8
1370 3775 1402 3830 84
1417 3765 1439 3846 8)

146 3879 223 3934 48848
234 3872 393 3936 88884888
407 3869 449 3934 88
461 3872 666 3953 4888888488,
685 3872 741 3952 qui
757 3871 883 3936 illarum
899 3872 1078 3953 apographa
1093 3889 1131 3933 88
1146 3889 1229 3933 anno
1244 3887 1316 3932 cum
1332 3869 1446 3932 Fride·

147 3974 209 4036 8488
221 3974 392 4037 llitscbelio
415 3973 670 4037 communicavit.
692 4009 731 4020 -
745 3973 838 4037 Anno
855 3974 937 4036 4889
961 3983 1015 4037 884
1033 3973 1113 4034 4868
1138 3971 1271 4054 glandes
1290 3972 1447 4036 marchio-

146 4077 195 4138 nis
208 4075 365 4159 Campana
381 4094 490 4139 museo
512 4076 617 4140 illatae
640 4087 727 4140 sunt.
773 4077 889 4140 Earum
904 4084 986 4139 teste
1003 4077 1113 4140 Carolo
1128 4073 1264 4157 Purgold
1280 4075 1347 4157 (qui
1364 4093 1447 4138 anno

149 4178 225 4239 4883
248 4181 325 4243 mibi
348 4178 522 4243 delineavit
544 4181 595 4242 vel
618 4187 733 4263 ectypa
761 4179 845 4260 48844)
873 4189 939 4242 4888
968 4198 1000 4242 o.
1020 4182 1051 4260 6,
1067 4201 1094 4244 88
1117 4188 1149 4241 84
1172 4180 1258 4258 29,8
1285 4188 1318 4241 84
1338 4179 1444 4256 488448,

147 4280 260 4346 484888
280 4283 331 4364 (88
346 4301 579 4364 monogramma
595 4281 782 4364 Graecumi]
802 4282 966 4362 exhibens,
993 4283 1078 4347 solae
1093 4283 1250 4363 genuinae
1266 4289 1351 4361 sunt,
1370 4281 1448 4343 reli·

147 4401 223 4462 quae
236 4385 424 4467 (complures
438 4405 485 4448 88
500 4387 683 4467 inscriptae,
695 4385 736 4449 de
749 4384 868 4466 quibus
879 4405 912 4449 v.
925 4384 967 4448 ad
982 4405 1016 4447 n.
1027 4387 1057 4464 6,
1068 4405 1108 4465 es,
1130 4381 1248 4447 884888
1263 4402 1295 4447 8.
1307 4380 1447 4445 834844

148 4487 326 4552 8448848888
349 4507 404 4569 ea,
430 4507 526 4570 quem
549 4487 590 4550 ad
613 4507 646 4552 8.
665 4490 704 4550 38
728 4487 909 4570 memoravi)
937 4490 1065 4570 spuriae
1087 4495 1162 4551 sunt
1185 4504 1304 4549 omnes.

147 4586 174 4668 8)
200 4590 319 4655 cabinet
341 4591 379 4654 88
400 4591 569 4655 8448844488.
616 4589 696 4655 Vide
719 4609 752 4655 n.
771 4593 802 4669 6,
820 4611 862 4669 88;
890 4595 920 4670 9,
939 4613 976 4655 aa.
996 4612 1035 4656 ss.
1087 4590 1134 4651 Gt.
1159 4607 1192 4650 n.
1210 4589 1333 4649 38884.

148 4693 173 4770 8)
205 4693 288 4775 8888
309 4694 467 4757 48448888
491 4695 608 4758 68888.
654 4693 734 4757 7488
757 4713 791 4756 8.
809 4695 879 4772 9444,
898 4715 922 4757 8.
943 4715 979 4759 ro.

148 4793 178 4874 8)
201 4795 282 4876 8888
304 4796 495 4861 4488888884.
541 4795 622 4860 7488
645 4815 678 4860 8.
697 4782 768 4859 644.
795 4797 863 4858 684.
891 4796 981 4861 9784.

109 4897 385 4964 aetermam.
433 4900 510 4964 Vide
541 4919 572 4964 8.
592 4902 676 4982 63,8
707 4909 740 4964 84
768 4902 838 4979 964,
857 4922 881 4964 s.
929 4903 1059 4963 Praeter
1087 4898 1143 4961 bas
1174 4905 1205 4958 84
1235 4895 1371 4959 Graecas
1397 4894 1446 4978 (88

148 5000 260 5079 quibus
281 5001 320 5065 84.
344 5003 486 5081 Viscbcr,
512 5001 666 5084 88888488
687 5004 715 5064 44
738 5023 770 5085 8.
789 5001 862 5086 272)
897 5003 930 5065 48
954 5021 991 5064 88
1013 5019 1124 5064 museo
1148 5009 1260 5082 ectypa
1283 4997 1448 5081 glandium

147 5107 242 5167 musei
265 5106 409 5169 Perusini
432 5115 557 5169 exstare
581 5108 732 5187 comperi.

108 5205 212 5284 Lyco.
256 5209 334 5272 7488
356 5227 390 5271 8.
409 5208 481 5289 804,
502 5229 572 5272 4-44.

110 5308 296 5374 78848888.
344 5311 423 5376 7488
446 5331 480 5375 8.
498 5314 568 5393 964,
589 5333 612 5374 1.

111 5410 295 5478 7888888.
343 5413 423 5477 7488
445 5433 478 5478 8.
498 5414 568 5494 964,
587 5433 612 5477 8.

666 5501 872 5512 ——-
