3702 5962
950 580 1150 629 Punuunuro.

625 755 661 814 L.
686 753 827 816 Maenius
846 771 899 834 pr.
924 753 946 815 4.
971 751 1062 833 ΧΠ)
1083 754 1109 813 X
1130 751 1227 814 4444444
1251 751 1313 811 itu
1337 751 1409 812 lect.
1435 769 1525 830 susp.

626 857 669 917 44.
694 854 830 936 Baliari)
858 856 880 918 4.
906 857 961 916 XV
980 856 1020 916 22

626 960 662 1018 D.
689 960 731 1019 44.
760 959 812 1020 Oc.
838 959 859 1019 4.
887 958 1013 1018 111170

625 1063 660 1122 t.
685 1063 775 1123 Rusti
797 1061 902 1141 Optati
921 1081 942 1122 a
963 1079 1018 1121 m..
1043 1060 1084 1120 82

626 1165 665 1224 D.
694 1163 767 1224 Tad.
795 1165 845 1225 Pa.
870 1165 911 1224 88

628 1266 662 1327 G.
689 1263 818 1347 04444444)
847 1267 909 1328 G...
935 1267 974 1326 tt

629 1371 662 1431 Ρ.
689 1369 815 1449 Garpr'a.
840 1369 893 1430 vel
917 1371 950 1432 P.
977 1371 1070 1452 Garp.
1096 1372 1134 1432 Ν.
1163 1371 1222 1431 444

467 1489 497 1569 3)
527 1489 666 1568 legiones
675 1488 717 1570 ¹):

573 1591 600 1673 a)
628 1592 660 1653 in
677 1590 859 1653 Asonianis:
886 1593 940 1674 lep.
961 1594 1005 1654 ΧΙ
1024 1594 1077 1672 ii,
1104 1595 1123 1655 4.
1143 1596 1199 1655 XV
1217 1594 1268 1654 vel
1293 1593 1350 1675 lap.
1368 1595 1423 1654 XV
1441 1592 1580 1664 22—26,
1607 1591 1722 1674 4449444)

629 1693 824 1775 (4444444444)
847 1693 897 1774 47,
924 1695 999 1777 44944
1014 1695 1163 1778 4444444444)
1187 1696 1243 1772 49;
1271 1695 1402 1778 4494144
1423 1695 1462 1755 20
1485 1694 1668 1776 (suspecta).

570 1797 599 1878 44)
628 1799 660 1858 in
685 1797 861 1859 Perusinis:
890 1798 912 1860 4.
938 1799 990 1874 XI,
1015 1799 1114 1860 divom
1133 1800 1247 1861 latram
1270 1798 1309 1859 77
1335 1808 1367 1858 ot
1390 1798 1411 1860 4.
1437 1800 1488 1875 xl,
1515 1797 1578 1859 div.
1598 1798 1655 1859 1444.
1680 1798 1725 1857 78

631 1897 682 1980 (de
706 1899 882 1979 quibuaoi.
908 1921 940 1981 p.
960 1899 1028 1983 53);
1053 1902 1074 1962 4.
1100 1903 1234 1978 441184,
1259 1902 1280 1963 4.
1307 1903 1368 1962 ΧΙΙ
1387 1901 1504 1962 viatrioe
1527 1901 1579 1962 80.

571 2002 596 2083 4)
625 2002 761 2065 iocorum
785 2003 993 2066 incertorum:
1019 2004 1076 2086 449.
1102 2005 1239 2080 441444,
1266 2004 1471 2066 44114443

464 2122 493 2204 4)
522 2121 653 2184 fortasse
677 2121 864 2199 funditores,
890 2123 922 2184 in
945 2122 1117 2204 glandibus
1128 2123 1310 2186 ascutants:
1338 2122 1491 2204 4444444444)
1513 2124 1542 2184 6.
1562 2121 1592 2200 7,
1621 2123 1722 2205 44444444)

524 2225 563 2285 46
587 2234 619 2286 et
642 2225 674 2286 in
697 2225 757 2304 his,
790 2244 925 2305 quarum
950 2226 1170 2307 interpretatio
1193 2229 1287 2290 etiam
1311 2229 1411 2306 magis
1434 2225 1532 2287 dubia
1556 2233 1623 2286 ast:
1650 2225 1723 2285 Far.

522 2328 553 2406 8,
578 2330 660 2389 Mar.
689 2327 740 2388 45.
779 2329 943 2410 Nusquam
966 2338 1071 2391 tamen
1096 2328 1292 2392 funditorum
1315 2327 1454 2410 aohors²)
1482 2327 1634 2408 inscripta
1658 2337 1720 2389 est.

465 2449 492 2530 6)
521 2448 576 2528 qui
600 2447 676 2509 iecit
697 2447 862 2529 glandem:

629 2551 662 2612 G.
688 2549 847 2614 Fabricius
866 2550 939 2633 feeit
962 2551 1022 2612 446
1051 2550 1088 2634 (si
1111 2555 1140 2614 ei
1164 2551 1244 2615 fides
1267 2561 1315 2615 est
1337 2550 1493 2632 habenda)

465 2671 493 2752 6)
520 2669 771 2750 acclamationes,
796 2671 824 2752 a)
851 2673 883 2733 in
906 2670 1089 2734 Asculanis:

624 2771 689 2854 4444
713 2773 887 2854 4644444444
910 2772 1107 2856 Strabonem)
1135 2777 1153 2834 9

625 2874 677 2957 far
698 2875 842 2956 4444444444)
871 2876 1038 2958 4644444444),
1059 2876 1150 2960 [4444)
1180 2876 1218 2936 46

627 2975 802 3058 4444444444
823 2977 988 3060 4444444444)
1013 2979 1046 3039 44

624 3080 689 3163 feri
712 3083 814 3144 aa...
843 3081 882 3142 42

623 3183 749 3266 fapt'iiar'
767 3185 893 3266 parisiis
918 3184 954 3244 48

626 3306 672 3348 em
694 3285 748 3348 4444
767 3286 883 3349 maiam
905 3287 985 3348 malo
1009 3284 1050 3348 27

624 3390 783 3470 [tilaaram
805 3390 928 3472 44444444
950 3389 1074 3470 44444444)
1101 3386 1115 3470 4
1136 3397 1236 3451 marea
1259 3407 1375 3453 evomes
1397 3407 1514 3451 amnem
1536 3391 1576 3450 29

627 3501 727 3554 tamea
749 3512 865 3556 evomas
886 3511 1002 3554 omnam
1024 3493 1065 3553 28

628 3615 665 3677 ap
687 3603 774 3678 terpa
797 3596 818 3656 i.
844 3615 873 3657 a.
900 3593 1053 3657 advorsus
1077 3594 1207 3678 44434444)
1235 3596 1288 3656 80.
1313 3596 1349 3655 34

628 3698 730 3760 veniri
754 3696 790 3778 (P)
813 3699 853 3759 at

570 3798 601 3880 b)
630 3801 662 3861 in
686 3800 843 3881 Hispana:
868 3800 1002 3882 aaciipa?
1025 3801 1064 3862 60

574 3901 601 3983 4)
628 3901 660 3962 in
683 3903 862 3965 Perusinis:
889 3904 1016 3965 Fuluiae
1036 3902 1206 3984 [iaptdiaam
1225 3911 1293 3986 peta
1317 3902 1458 3984 (fulmen)
1482 3902 1523 3963 46

622 4005 706 4088 petio]
729 4005 897 4088 0444444444
917 4017 971 4069 aut
992 4006 1129 4089 -aaramj
1156 4007 1259 4068 caiam
1281 4007 1322 4066 58

629 4110 737 4172 Octavi
759 4109 827 4172 iant.
860 4107 1006 4192 (phallus)
1033 4109 1068 4169 64

630 4212 739 4274 Octavi
759 4212 858 4291 444444,Ι
871 4210 941 4274 seda
967 4209 1111 4293 (phallus)
1139 4215 1179 4275 62

628 4317 662 4376 L.
688 4312 802 4377 Antoni
823 4315 917 4390 caiae,
937 4316 1050 4396 parati
1072 4315 1105 4377 G.
1133 4317 1289 4379 Gaesaraa
1312 4317 1440 4379 vicaria
1463 4316 1501 4375 64

380 4453 586 4462 ———·-—

448 4557 472 4618 4)
492 4555 531 4606 Ex
551 4555 710 4607 Mommseni
729 4557 862 4606 4444444444
881 4554 930 4606 has
949 4557 1140 4621 inscriptiones
1158 4556 1193 4607 ad
1211 4558 1333 4620 ipsarum
1357 4555 1495 4620 legionum
1515 4567 1569 4604 non
1586 4555 1621 4604 ad
1644 4555 1728 4604 auxi-

377 4643 477 4693 liorum
496 4641 647 4692 funditores
672 4639 767 4692 reterri
790 4645 922 4707 praestat,
947 4655 1009 4692 oum
1029 4655 1082 4692 non
1100 4641 1282 4693 dubitandum
1302 4643 1344 4700 sit.
1365 4642 1431 4705 quin
1456 4641 1596 4703 legionarii
1615 4653 1730 4705 quoque

378 4741 461 4793 saepe
473 4726 564 4778 tundis
578 4729 619 4779 usi
633 4729 701 4787 sint,
716 4740 834 4792 eumque
847 4727 960 4792 glandes
973 4742 1027 4779 non
1040 4731 1193 4778 memorent
1205 4728 1256 4776 nisi
1269 4726 1388 4790 legiones
1401 4726 1521 4777 duaesva
1534 4725 1705 4791 legionarios.

447 4816 471 4874 4)
499 4813 598 4864 Caesar
622 4813 649 4864 b.
678 4815 730 4865 aiv.
752 4814 795 4874 144,
816 4817 844 4862 i:
874 4815 1029 4880 (Pompeius
1054 4827 1126 4864 anno
1153 4813 1211 4876 444)
1239 4814 1403 4877 sanaitaam
1425 4813 1542 4862 aairartss
1565 4813 1732 4862 44444444444

379 4902 446 4950 duas
472 4896 616 4962 (habebnt).
645 4925 675 4936 -
700 4899 825 4951 4444444444
850 4900 919 4950 Max.
945 4901 979 4962 11,
994 4904 1019 4958 t,
1038 4902 1067 4951 a:
1097 4900 1126 4949 t.
1155 4899 1313 4962 Calpurnius
1338 4899 1397 4948 Piso
1419 4899 1509 4949 44444444
1537 4897 1570 4960 [a.
1597 4901 1659 4956 ⁶¹⁴3
1689 4895 1729 4947 oi.

379 4999 406 5035 n.
429 4981 453 5049 1]
482 4997 541 5036 earn
563 4988 591 5034 44
610 4985 699 5037 Siaiiia
717 4987 811 5036 tetiam
829 4988 954 5037 4444444444
977 4986 1100 5049 [44444444
1121 4990 1223 5049 4444444
1240 4989 1266 5036 44
1285 4984 1313 5036 G.
1339 4985 1418 5034 Titiis-s
1443 4986 1557 5046 44444444
1577 4981 1733 5046 4444444444

381 5069 424 5135 [ai.
452 5071 571 5121 Frontin.
597 5073 672 5121 strat.
699 5071 743 5132 lv,
759 5076 784 5132 t,
800 5073 842 5136 44]
867 5072 1032 5122 multitudiue
1055 5071 1166 5122 hostiam
1190 5072 1381 5120 oiroamaeatas
1407 5081 1484 5118 arasa
1510 5071 1543 5119 iia
1566 5068 1729 5129 tradidisset,

377 5154 419 5207 iis
440 5156 602 5219 praelectam
618 5159 777 5220 iaromiaiae
799 5159 936 5222 4444444444
959 5159 1059 5220 4444444.-
1086 5191 1181 5209 ......
1190 5161 1340 5219 tomosque
1364 5157 1493 5218 44444444,
1527 5155 1619 5217 auitas
1644 5165 1730 5214 praa-

381 5243 483 5306 444444,
514 5243 640 5304 adunatis
664 5244 735 5305 44444
753 5245 780 5293 ia
802 5244 965 5306 [4444444444
990 5244 1049 5294 aias
1073 5245 1262 5305 transscripsit.
1314 5241 1364 5293 Vbi
1384 5239 1573 5304 significantur
1591 5241 1609 5290 44
1626 5237 1732 5289 milites

378 5328 456 5380 alarii
475 5329 494 5378 i.
515 5342 541 5382 4.
564 5342 621 5379 nou
642 5329 792 5392 legionarii,
811 5331 881 5380 inter
898 5341 967 5393 quas
984 5327 1134 5379 funditores
1151 5327 1312 5380 militabant.
