3702 5962
737 619 935 672 nanniano.
1382 667 1392 690 ,
1457 629 1507 676 xv

517 741 586 747 --
603 741 705 748 -.—.--
722 743 780 748 —-.-.

163 793 320 852 immenso
344 788 411 852 iere
435 808 569 852 numero
584 789 867 870 circumferuntur,
894 789 1021 854 laisario
1036 790 1191 854 Asculano
1214 791 1325 854 deberi
1348 792 1410 855 iam
1434 813 1509 854 oon-

160 902 224 954 stat
252 890 334 972 [vido
358 913 392 974 p.
410 893 449 954 90
475 891 575 976 sqq.).
624 895 784 956 Praeterea
818 914 857 956 ex
889 894 958 974 iiio,
991 913 1085 975 quom
1115 892 1346 975 demonstravi,
1376 895 1509 975 glandes

161 994 338 1058 fabricandi
368 996 631 1077 inscribendique
665 996 756 1059 modo
786 998 863 1060 baec
897 1007 1093 1079 sequuntur,
1131 1017 1213 1080 quae
1244 1009 1276 1060 et
1305 999 1373 1079 ipsa
1402 1000 1507 1080 magni

160 1108 236 1162 sunt
265 1100 415 1162 momenti
446 1099 485 1162 od
520 1099 649 1162 fraudes
680 1101 820 1162 novicios
852 1098 1148 1182 deprebendendas.
1207 1103 1303 1182 Siqua
1337 1102 1421 1163 enim
1456 1103 1508 1163 in-

160 1202 291 1283 scriptio
321 1203 390 1283 pari
419 1221 550 1284 prorsus
580 1203 759 1266 litterarum
789 1223 939 1266 mensura
969 1205 1001 1266 in
1033 1204 1158 1267 duabus
1188 1203 1359 1286 glandibus
1390 1215 1503 1284 exstat,

159 1303 285 1386 plumbi
309 1324 436 1386 quoque
460 1304 559 1368 iorma
582 1315 614 1369 et
635 1305 819 1387 magnitudo
849 1308 976 1388 utrique
1006 1306 1180 1389 exemplari
1203 1327 1266 1370 non
1289 1318 1421 1389 possunt
1443 1327 1505 1370 non

161 1427 231 1470 esse
260 1407 401 1471 eaedem.
461 1408 616 1472 Falsarius
652 1417 757 1471 autem
787 1407 966 1473 Asculanus
996 1411 1107 1492 plures
1141 1411 1313 1474 cuiuslibet
1348 1413 1507 1493 magnitu-

159 1509 245 1573 dinis
275 1510 409 1592 giandcs
442 1512 473 1572 iu
503 1511 614 1574 eadem
649 1512 748 1574 forma
779 1513 884 1592 lignea
913 1532 985 1575 cum
1016 1512 1200 1592 excuderit,
1227 1512 1432 1592 factumest,
1470 1523 1507 1577 ut

160 1612 305 1676 eiusdem
328 1613 424 1696 piane
449 1633 617 1678 mensurae
642 1616 806 1697 inscriptio
828 1616 861 1677 in
878 1614 1049 1696 glandibus
1071 1616 1218 1680 divorsae
1242 1616 1359 1679 iormae
1383 1617 1505 1696 magni-

158 1717 348 1799 tudinisque
371 1729 523 1781 recurrat.
548 1753 592 1764 —
614 1717 735 1781 Deinde
757 1720 849 1800 siqua
872 1719 962 1800 glans
984 1721 1126 1800 offertur,
1157 1738 1253 1801 quam
1275 1739 1337 1782 non
1362 1739 1430 1782 esse
1455 1721 1504 1782 voi

158 1821 293 1884 lusionis
316 1819 443 1884 deiectu
458 1822 510 1884 vai
532 1822 671 1885 laesione
694 1821 870 1885 mutilatam
895 1842 935 1884 ex
958 1823 1082 1904 plumbi
1105 1824 1288 1906 symmetria
1303 1823 1504 1886 manifestum

158 1935 218 2004 est,
245 1924 276 1986 in
303 1942 365 2006 qua
388 1935 493 1986 umen
516 1925 678 2007 inscriptio
708 1944 770 1988 non
794 1935 898 1988 exstat
921 1927 1058 2006 integra,
1091 1945 1128 1990 ea
1150 1925 1227 1989 laisa
1250 1935 1299 1988 est
1321 1924 1501 1989 iudicanda.

159 2029 203 2088 ita
227 2027 377 2089 falsarius
405 2029 565 2110 antiquior
592 2028 668 2092 iecit
695 2029 890 2110 exemplaria
918 2029 1098 2093 huiusmodi
1128 2049 1162 2093 n.
1179 2029 1218 2092 3*
1241 2049 1302 2091 aar
1327 2027 1395 2111 (pro
1418 2030 1501 2110 aar),

156 2149 188 2192 n.
210 2132 267 2192 li*
290 2149 384 2194 merus
421 2131 488 2213 [pro
507 2133 659 2214 peristis),
692 2131 731 2194 ci.
759 2151 790 2195 n.
817 2133 855 2192 5*
878 2141 910 2194 et
933 2152 964 2214 p.
983 2134 1043 2211 88;
1079 2131 1255 2196 Asculanus
1283 2141 1389 2196 autem
1416 2153 1499 2212 cum,

158 2243 193 2294 ut
217 2233 303 2312 dixi,
338 2235 472 2298 eandem
496 2234 626 2298 formam
652 2236 789 2317 ligneam
812 2235 852 2298 ad
876 2235 1008 2318 glandes
1031 2235 1178 2299 diversae
1201 2234 1428 2317 magnitudinis
1451 2236 1501 2297 in-

155 2336 321 2401 44444444
351 2337 552 2419 adbibuerit,
586 2341 656 2402 eius
685 2340 908 2420 inscriptiones
931 2359 1026 2422 saepe
1055 2357 1184 2402 mancae
1214 2339 1424 2417 exhibentur3
1458 2337 1499 2401 ci.

154 2459 187 2520 p.
214 2442 267 2502 94.
1540 2437 1542 2442 ’

243 2543 478 2625 inscriptiones,
505 2554 663 2626 quatenus
687 2547 905 2627 interpretatio
927 2566 1035 2610 carum
1064 2565 1126 2609 non
1151 2564 1282 2627 prorsus
1306 2547 1425 2608 incerta
1448 2564 1501 2607 re-

156 2646 317 2726 linquitur
339 2647 395 2710 sed
422 2655 478 2710 aut
506 2648 673 2711 manifesta
697 2658 745 2712 est
767 2659 822 2713 aut
850 2649 1030 2712 coniectura
1053 2651 1152 2730 magis
1175 2649 1320 2710 minusve
1343 2647 1499 2729 probabili

152 2751 289 2830 proponi
311 2759 432 2831 potest,
465 2750 506 2814 ad
535 2751 613 2814 baec
635 2750 701 2815 iere
740 2771 855 2833 genera
879 2753 1020 2815 revocari
1042 2759 1186 2834 possunt.
1234 2751 1380 2832 Inscripti
1404 2751 1501 2832 igitur

152 2861 249 2912 sunt:

247 2954 273 3034 4)
301 2956 439 3036 populus
461 2956 530 3020 siva
553 2959 734 3040 respublica
758 2959 878 3022 bellum
901 2978 1032 3040 gerens:

405 3061 479 3121 itali
500 3059 595 3124 3-5.
623 3062 695 3126 424.
723 3063 795 3126 tat.
823 3061 884 3124 lii
907 3061 1062 3146 (Add.)¹].

244 3158 273 3238 2)
298 3163 352 3240 qui
377 3161 509 3243 glandes
531 3163 599 3226 fieri
623 3165 802 3228 iusserunt:

403 3267 436 3326 t.
462 3268 529 3328 4444
551 3269 587 3329 L.
609 3266 634 3349 f.
657 3287 716 3331 cos.
742 3269 754 3328 4

407 3369 436 3428 T.
462 3369 639 3452 4444444444)
657 3371 790 3452 paluster
812 3373 969 3434 sociorum
994 3370 1183 3450 italicorum)
1206 3373 1224 3430 3

402 3471 548 3554 Maglona)
576 3473 755 3556 impleretur)
782 3476 801 3536 2

405 3575 458 3635 On.
484 3574 631 3660 Moplnus)
658 3577 838 3658 implorator)
867 3579 907 3638 49

421 3679 456 3753 Q.
483 3679 693 3760 Salvidienus)
722 3681 903 3763 irriperotor)
930 3681 966 3740 54

401 3675 517 3878 [Rufus
540 3782 611 3863 imp.
638 3784 678 3843 68

405 3883 520 3946 Caesar
543 3885 615 3966 imp.
642 3887 682 3946 68

403 3987 812 4070 44444444444444414444444)
837 3988 982 4073 militum)
1010 3989 1150 4073 legionis)
1178 3991 1222 4050 ili
1242 3989 1282 4050 76

405 4090 434 4149 Τ.
458 4092 527 4152 Etri
543 4091 654 4172 444444)
681 4093 752 4174 pillei
780 4091 919 4175 44944οηὶ4)
947 4095 1075 4155 111169

419 4189 512 4274 Apicii
529 4212 582 4274 pr.
604 4195 661 4275 pil.
687 4195 709 4258 4.
740 4197 783 4257 VI
801 4196 854 4257 72.
881 4196 919 4257 73

418 4291 511 4376 Apicii
587 4315 639 4378 pr.
659 4298 716 4378 pil.
743 4297 782 4360 'ii

418 4395 474 4478 44
499 4417 548 4479 rr·
569 4398 641 4481 4444
662 4399 697 4461 74

400 4501 421 4561 4.
447 4503 509 4562 iiii
528 4503 645 4564 Scoevo
664 4522 716 4584 pr.
740 4505 797 4585 pii.
823 4503 863 4566 79

141 4667 213 4719 vide
232 4667 299 4720 inira
318 4684 345 4736 p.
360 4671 386 4733 4)
407 4685 431 4734 p.
446 4675 497 4722 444
517 4675 571 4723 not.
587 4677 597 4723 4
623 4675 694 4739 (vide
717 4675 790 4742 apud
810 4688 859 4726 nos
882 4676 918 4727 ad
937 4681 991 4728 n.6
1009 4680 1106 4744 princ.)
1135 4677 1273 4742 glandium
1292 4677 1425 4742 quasdam
1450 4680 1493 4730 ln-

141 4756 312 4818 scriptiones
336 4758 363 4807 rii
386 4759 490 4808 (4444444
507 4764 611 4824 rtompo
629 4773 689 4812 esse
707 4761 847 4822 dixerant,
872 4764 996 4828 imperite
1015 4767 1138 4828 uterque,
1164 4777 1280 4828 quorum
1300 4763 1421 4816 ilubbins
1439 4765 1492 4816 iam

141 4842 182 4893 ab
207 4841 311 4893 Alassio
336 4845 428 4894 bitere
453 4848 518 4895 4844
542 4859 569 4912 p.
588 4848 621 4896 84
649 4845 781 4899 refutatus
804 4853 875 4913 erat;
907 4851 955 4900 sed
978 4849 1030 4900 buc
1053 4848 1166 4900 iortasse
1190 4863 1282 4900 errore
1301 4851 1429 4902 inductus
1453 4855 1494 4903 444

141 4928 273 4979 44444τί44
295 4929 449 4982 deculcans
473 4932 507 4982 ad
533 4934 724 4999 inscriptiones
749 4934 924 4987 incutiendas.
955 4963 985 4974 -
1011 4935 1071 4987 Non
1097 4936 1193 4987 molins
1217 4935 1338 4988 iiubbius
1362 4937 1379 4988 i.
1404 4938 1423 4989 l.
1450 4940 1494 4988 in-

140 5013 311 5077 scriptiones
337 5029 364 5068 4.
379 5019 404 5076 8,
419 5020 452 5067 48
471 5019 498 5068 44
515 5031 542 5070 n.
560 5023 589 5068 ts
604 5012 724 5072 ‘incisus’
746 5033 805 5072 csse
828 5025 957 5082 testatur,
977 5023 1020 5072 cui
1044 5035 1137 5086 parem
1157 5023 1295 5074 Garruocii
1319 5038 1439 5076 errorem
1458 5025 1493 5074 ad

140 5113 170 5148 n.
190 5100 221 5146 47
242 5101 343 5151 notavi.
363 5101 432 5161 Quid
452 5104 527 5168 quod
546 5104 673 5157 Piisterns
690 5120 717 5171 p.
732 5112 764 5158 tt
784 5107 922 5160 Minicium
942 5110 980 5158 ait
997 5107 1088 5159 tabula
1107 5110 1140 5159 444
1162 5109 1257 5172 [voluit
1269 5103 1330 5170 ‘tl';
1356 5111 1432 5162 tertio
1452 5115 1493 5161 est

138 5183 230 5248 nuile]
251 5187 344 5250 viginti
368 5187 482 5251 glandes
499 5189 648 5244 delineatae
666 5192 808 5253 exhibere,
835 5195 861 5244 in
880 5193 979 5258 quibus
998 5193 1102 5246 litterae
1125 5209 1178 5246 non
1197 5197 1348 5256 eminentes
1366 5197 1421 5252 sint
1438 5195 1487 5250 sed

138 5271 251 5322 incisae
270 5273 502 5337 (ctnperobotttenl.

220 5357 242 5420 4)
261 5358 298 5408 De
318 5359 501 5426 inscriptione
520 5364 671 5432 scariphata
691 5364 835 5432 licinianos
852 5365 914 5418 vido
933 5380 958 5436 p.
978 5369 1026 5416 448
1046 5381 1074 5425 p.
1094 5371 1153 5428 448,
