3702 5962
688 589 885 640 massano.
1356 597 1463 649 XXVII

258 766 304 828 De
337 765 459 846 origine
492 763 654 845 glandium
687 781 747 825 nec
775 771 843 826 acta
871 769 998 824 exstant
1029 781 1133 844 neque
1167 765 1229 829 alia
1257 765 1372 833 indicia
1402 772 1465 835 nisi

218 868 291 948 dno,
318 885 400 949 qnae
423 865 516 929 modo
537 866 642 944 attuli,
668 875 701 927 et
721 883 770 945 ea,
797 883 879 947 quae
901 884 920 927 a
942 865 1075 928 llarobio
1097 869 1219 948 accepit
1240 870 1397 952 llinicius,
1424 893 1464 936 ex

218 979 308 1053 parte
336 981 401 1035 tam
431 987 528 1049 vaga,
564 979 601 1031 ut
630 968 738 1050 potius
768 986 808 1030 ex
841 967 1084 1049 inscriptionum
1115 981 1302 1051 argumento
1324 975 1465 1040 coniecta

220 1093 289 1137 esse
311 1074 452 1154 suspicio
468 1073 521 1135 sit.
561 1072 605 1134 Ne
621 1070 791 1133 Garrnccio
806 1069 936 1151 quidem
952 1073 1009 1152 qui
1024 1090 1084 1153 per
1106 1073 1221 1137 multos
1237 1091 1336 1138 annos
1352 1079 1385 1139 in
1409 1079 1467 1142 boc

218 1195 327 1240 museo
350 1176 442 1257 quasi
463 1173 646 1254 habitabat,
680 1174 740 1237 alia
763 1174 973 1237 innotuerunt
994 1173 1129 1255 indicia,
1160 1185 1196 1240 ut
1217 1186 1304 1258 patet
1326 1198 1367 1242 44
1396 1182 1467 1245 eius

220 1279 348 1363 Sylloge
371 1289 403 1340 et
425 1297 466 1340 ex
489 1277 560 1340 eius
582 1294 716 1340 censura
738 1277 872 1358 catalogi
893 1276 1086 1357 Iluggeriani
1110 1279 1142 1340 in
1168 1279 1280 1344 0444446
1301 1285 1430 1346 4444744
1448 1285 1461 1346 4

218 1403 250 1465 p.
276 1382 338 1444 463
362 1399 452 1463 seqq.
483 1379 534 1462 (ol.
559 1381 644 1444 4442
667 1399 699 1461 p.
724 1377 787 1442 727
810 1379 914 1462 seqq.)
945 1379 1041 1443 edita.
1100 1383 1280 1446 Bonannius
1306 1383 1344 1466 (a.
1373 1385 1465 1469 4769)

220 1505 252 1567 p.
281 1485 345 1550 268
379 1483 526 1565 glandem
561 1499 706 1546 museum
735 1482 895 1564 accepisse
929 1492 1039 1546 narrat
1071 1482 1112 1546 ab
1144 1483 1324 1551 Alexandro
1357 1489 1468 1572 Borgia

221 1589 320 1652 nobili
343 1587 528 1665 velitrensi,
561 1588 594 1650 in
618 1585 726 1650 tabula
748 1586 839 1648 LXVl
861 1605 893 1648 4.
915 1586 954 1651 42
983 1595 1091 1650 autem
1121 1587 1201 1651 duas
1232 1589 1377 1672 depinxit
1405 1612 1468 1655 non

222 1693 400 1773 inscriptas.
446 1689 618 1753 Brunatins
652 1686 691 1772 (a.
711 1686 805 1771 4837)
842 1707 906 1750 444
937 1689 1068 1752 exhibet
1096 1691 1158 1753 nisi
1191 1710 1288 1756 unam
1321 1694 1469 1776 glandem

223 1795 405 1877 ilscriptam
429 1812 492 1874 rra,
519 1793 628 1874 itaque
651 1792 795 1873 reliquae
817 1800 928 1873 postea
954 1790 1112 1874 (inprimis
1133 1813 1236 1876 usque
1259 1795 1301 1859 ad
1322 1816 1352 1860 a.
1372 1799 1466 1876 4846,

223 1917 285 1980 qno
308 1897 425 1960 llinicii
458 1895 586 1959 libellus
608 1893 735 1977 prodiit)
770 1893 921 1957 videntur
951 1895 1058 1960 illatae
1081 1915 1163 1960 esse.

267 2002 470 2082 singularum
504 1998 642 2062 indicem
675 2005 859 2060 accuratum
891 1995 993 2060 edidit
1019 1998 1211 2081 Iluggierius
1244 2003 1382 2084 catalogo
1413 2023 1470 2067 suo

224 2125 252 2168 a.
273 2103 355 2166 4878
379 2101 483 2182 edito,
508 2101 563 2183 qui
588 2101 621 2163 44
644 2101 684 2163 444
704 2097 890 2181 digerendis
912 2099 1103 2182 plerumque
1126 2104 1308 2166 llommseni
1332 2104 1471 2169 Garruo-

224 2207 329 2288 ciique
351 2203 509 2268 editiones
531 2210 659 2266 secutus
682 2211 743 2266 est.
788 2203 878 2266 Sicut
898 2201 1089 2267 Garruooius
1111 2205 1144 2266 in
1175 2205 1299 2288 Sylloge
1322 2208 1365 2272 444
1385 2208 1472 2290 llug-

225 2310 331 2391 gierus
360 2325 507 2389 magnam
529 2314 655 2387 partem
685 2305 837 2368 falsarum
860 2323 932 2367 oum
955 2323 1102 2369 cusarum
1130 2315 1198 2370 tum
1228 2309 1361 2373 maxime
1384 2321 1473 2375 cete-

226 2431 332 2476 rarum
358 2429 416 2493 pro
442 2407 592 2492 genuinis
618 2408 748 2486 babuit;
774 2407 840 2471 Cat.
867 2428 900 2471 4.
919 2406 980 2471 273
1005 2410 1162 2472 immerito
1193 2412 1278 2474 inter
1307 2425 1473 2497 suspectas

229 2515 363 2578 rettulit.
388 2516 458 2596 lpse
474 2511 525 2576 bia
539 2511 721 2575 examinavi
736 2529 765 2574 a.
782 2509 865 2573 4877
881 2521 913 2574 44
926 2512 1021 2590 4878;
1040 2523 1164 2595 ectypa,
1183 2532 1264 2595 quae
1280 2515 1471 2598 desideravi,

226 2617 370 2682 facienda
390 2617 516 2680 curavit
537 2614 702 2696 llelbIgius
725 2615 857 2678 amicus.
905 2615 1091 2697 Nuperrime
1114 2617 1148 2678 in
1169 2637 1278 2681 museo
1301 2621 1473 2684 Basileensi

230 2724 312 2786 inter
326 2721 531 2784 Viscberiana
555 2718 622 2781 vidi
646 2727 760 2800 ectypa
787 2737 905 2800 gypsea
928 2717 1092 2800 glandium
1116 2719 1393 2785 llircberianarum
1416 2725 1476 2786 tri-

230 2827 326 2908 ginta.
351 2859 395 2870 -
416 2822 462 2885 lle
485 2823 584 2884 lorma
607 2821 728 2884 ahenea
751 2820 829 2884 lalsa
852 2819 926 2883 vide
949 2841 981 2903 p.
1009 2821 1039 2885 7.

177 2927 201 3010 4)
231 2925 406 2990 Cardinalis
420 2923 532 2988 Altieri
561 2923 590 3004 (†
607 2923 702 3007 4867)
718 2942 804 2987 anno
821 2923 914 3004 4847,
942 2942 1004 3005 quo
1027 2925 1218 2990 Garruooius
1240 2927 1310 2991 eius
1325 2927 1476 3009 plumbea

231 3029 341 3109 edidit,
367 3017 498 3109 glandes
520 3045 584 3088 non
605 3024 801 3108 possidebat,
826 3034 935 3108 postea
958 3037 1063 3090 444444
1086 3029 1303 3110 praegrandes
1322 3030 1476 3111 quasdam

232 3133 339 3211 falsas,
378 3129 470 3194 cuius
492 3129 621 3210 generis
642 3129 721 3192 alias
750 3130 921 3210 acquisivit
951 3139 1043 3212 pater
1069 3132 1241 3212 llarobius,
1281 3133 1476 3215 comparavit

232 3237 298 3316 ipse
321 3253 376 3298 eas
400 3231 517 3296 deinde
540 3232 707 3296 damnans.
754 3233 862 3294 Postea
885 3233 1003 3313 legavit
1024 3233 1227 3297 universitati
1248 3235 1403 3298 llomanae
1422 3235 1474 3319 (44.

232 3337 381 3402 Garrucci
409 3336 487 3419 Syll.
513 3355 546 3416 p.
566 3336 626 3398 264
651 3346 684 3397 44
713 3334 826 3398 civitat
847 3343 919 3399 cott.
944 3338 971 3397 X
995 3337 1012 3397 l
1036 3356 1069 3417 p.
1095 3334 1185 3417 744),
1223 3334 1308 3400 unde
1342 3355 1415 3400 mox
1445 3340 1478 3401 io

232 3459 379 3504 museum
394 3439 633 3502 Xircherianum
656 3438 762 3500 illatae
785 3447 871 3501 sunt.
911 3439 995 3500 llaec
1015 3439 1204 3502 Garruooius
1227 3441 1368 3503 narravit
1390 3441 1478 3504 Η44-

232 3561 318 3605 4444.
343 3575 388 3588 -
410 3540 613 3621 significatur
635 3538 667 3602 id
690 3559 801 3622 genus,
828 3538 913 3620 quod
935 3538 1023 3602 edidi
1047 3559 1079 3602 4.
1098 3540 1157 3603 20*
1172 3559 1242 3623 sqq.

181 3644 203 3725 4)
234 3647 266 3708 L.
291 3643 463 3726 Depolotti.
510 3641 589 3706 Vide
612 3661 644 3704 4.
671 3645 701 3719 6,
719 3663 758 3705 44.
786 3643 837 3720 23,
857 3662 914 3706 4-4.

180 3745 207 3828 4)
230 3747 392 3829 Augustus
414 3747 549 3808 liestner
571 3743 602 3826 4)
626 3745 731 3826 48443).
770 3744 850 3807 Vide
871 3764 904 3827 p.
922 3747 1018 3806 XXX.

181 3848 204 3930 4)
232 3849 371 3932 Rapbael
400 3848 563 3912 Garrucci.
610 3847 688 3910 Vide
716 3867 749 3912 4.
770 3849 800 3926 6,
819 3869 856 3912 44.
891 3849 920 3926 8,
939 3869 963 3912 4.
992 3849 1052 3910 442
1075 3856 1141 3912 not.
1175 3847 1246 3913 92⁴³.

180 3950 206 4033 4)
232 3953 414 4016 ldartinetti.
460 3950 539 4016 Vide
562 3970 595 4013 4.
620 3951 662 4012 86
685 3962 751 4014 444.

181 4053 208 4135 q)
231 4055 359 4118 llerolli.
407 4053 486 4117 Vide
509 4073 542 4116 n.
572 4056 643 4116 86³¹.

182 4156 209 4238 4)
230 4157 425 4222 l'omassetti.
471 4155 550 4220 Vide
572 4174 605 4218 4.
631 4157 702 4218 w.

147 4274 326 4340 Velitrae.
383 4277 526 4340 lluseum
555 4276 745 4357 Borgianum
780 4274 862 4355 [vide
885 4294 917 4356 p.
940 4275 1066 4336 XXXlll
1098 4274 1283 4358 64444444).
1340 4279 1480 4341 Fortasse

184 4379 310 4460 glandes
333 4398 463 4461 quoque
487 4379 519 4440 44
543 4397 690 4440 museum
712 4377 953 4459 Neapolitanum
976 4387 1207 4459 pervenerunt.

149 4479 346 4563 Neapolis.

187 4583 214 4666 4)
237 4587 379 4649 lluseum
399 4583 566 4666 publicum
589 4603 618 4646 a.
638 4581 720 4645 4877
740 4582 924 4664 possidebat
938 4582 1070 4664 glandes
1085 4582 1174 4646 CXV.
1214 4583 1331 4644 Earum
1347 4601 1380 4644 n.
1399 4583 1485 4644 78-

109 4703 113 4712 ’
240 4689 297 4750 446
325 4689 533 4770 inscriptione
548 4688 600 4750 vel
616 4688 732 4768 insigni
757 4696 876 4768 carent,
902 4688 993 4749 Xl.lll
1016 4704 1110 4750 444444
1127 4684 1289 4766 falsaeque
1305 4694 1382 4748 sunt
1400 4683 1485 4766 (vide

242 4789 417 4874 68*,1-ra),
449 4799 598 4872 suspecta
627 4808 692 4853 una
715 4789 754 4850 73
784 4815 827 4843 --
846 4788 944 4871 (apud
970 4787 1037 4870 444)
1068 4806 1100 4849 n.
1121 4789 1172 4862 44,
1208 4789 1366 4869 genuinae
1390 4790 1488 4871 igitur

240 4895 410 4976 inscriptae
432 4895 558 4956 XXXlll
580 4894 633 4956 vel
654 4894 790 4974 XXXlV,
820 4902 955 4974 excepta
978 4891 1019 4954 72
1043 4889 1161 4954 Graeca
1191 4893 1224 4953 44
1250 4893 1343 4956 Tarsi
1363 4901 1488 4974 reperta

244 4995 410 5080 (4444464444)
436 5016 547 5060 omnes
569 4997 715 5077 Latiaac;
753 5015 863 5060 aarum
885 4996 999 5058 Asculo
1022 4994 1122 5058 tribui
1146 4996 1176 5057 4.
1202 4995 1280 5055 2:
1295 5014 1328 5057 n.
1348 4997 1379 5076 l,
1397 5017 1422 5060 4.
1441 5015 1483 5074 44;

244 5100 366 5163 43-444
383 5101 580 5180 =9,1a-1r;
607 5100 744 5162 24-26.
772 5101 826 5162 28.
851 5101 886 5174 34
904 5125 946 5154 =
962 5099 1014 5178 24,
1031 5117 1068 5160 44.
1085 5118 1123 5162 44.
1139 5119 1177 5161 ra.
1192 5117 1231 5162 44.
1248 5118 1291 5175 44;
1317 5099 1370 5160 34.
1389 5097 1430 5160 36
1446 5123 1488 5152 =

242 5203 387 5279 25,1.2;
425 5202 466 5265 446
489 5229 532 5256 =
556 5201 606 5283 47,
627 5224 658 5278 4;
695 5203 748 5269 ta.
781 5202 919 5266 60-63.
953 5201 1079 5261 att-69
1102 5227 1146 5255 =
1167 5202 1198 5278 6,
1216 5223 1254 5264 44.
1273 5221 1313 5264 44.
1330 5223 1370 5266 44.
1388 5221 1429 5264 44.
1445 5222 1485 5263 44.

228 5325 333 5385 ·44·44;
359 5304 554 5386 70·--7,4;
583 5305 617 5367 74
639 5307 797 5386 :30,o;
825 5305 992 5385 75=38,
1012 5323 1055 5383 44;
1083 5303 1293 5384 76=tt,2;
1321 5301 1484 5379 77=393
