3776 5966
676 613 836 664 88884488
855 614 1009 666 saveias.
1465 605 1513 678 93

169 805 270 872 888188
284 807 348 856 1888
360 805 503 856 8884188444
521 816 661 856 sermones
674 804 866 865 excitarentur,
880 805 1101 864 -6844888188,
1122 805 1243 870 inquam,
1258 809 1305 872 qui
1324 809 1400 872 prius
1418 808 1451 859 de
1463 809 1515 861 bac

170 905 201 943 re
213 895 344 952 tacuerat,
364 890 453 957 888118
471 893 533 956 8881
550 891 577 940 18
594 889 687 941 0181118
698 895 758 940 8811.
767 889 825 949 Χ,4
842 891 1004 953 (11884877)
1024 894 1109 954 pili
1121 904 1180 956 sqq.
1201 895 1228 942 81
1246 893 1280 954 Χ,
1296 897 1310 944 1
1333 893 1421 956 (Mart.
1438 897 1512 959 4878)

171 981 339 1043 8787888.
362 977 395 1028 88
416 975 560 1041 glandibus
583 975 747 1028 8818188418
770 975 905 1026 Asculano
930 989 1017 1040 nuper
1037 970 1194 1044 ‘impressis'
1215 978 1353 1030 disserens
1379 979 1424 1033 illa
1445 995 1515 1046 quae

170 1075 253 1130 snpra
278 1063 334 1114 dixi
357 1062 552 1114 commentaria
576 1074 630 1112 non
650 1061 823 1121 memoravit,
855 1059 903 1112 sed
925 1062 1003 1126 quasi
1021 1063 1078 1126 ipse
1096 1064 1202 1128 primm
1224 1063 1370 1116 detexisset
1393 1065 1514 1118 14888884

170 1151 309 1213 coarguit,
338 1147 513 1213 1888884118,
541 1159 610 1212 quae
629 1158 678 1197 nes
700 1147 727 1197 in
753 1147 821 1197 11811.
842 1145 899 1196 dett'
923 1147 985 1200 1841.
1008 1151 1073 1197 4877
1091 1162 1119 1214 p.
1136 1153 1185 1198 478
1197 1161 1257 1214 888.
1278 1149 1515 1203 88888881881888

172 1236 272 1287 nestris
291 1235 409 1300 patuisse
422 1233 592 1292 dixeramus,
613 1233 640 1294 in
653 1231 848 1282 dubitationem
862 1245 959 1283 vocare
978 1245 1060 1284 ausus
1078 1234 1150 1284 iuste
1162 1238 1322 1298 argumente
1341 1236 1416 1287 nulle
1434 1238 1516 1288 allato

173 1321 216 1386 (cl.
236 1335 308 1387 8888
325 1321 382 1370 dixi
399 1319 433 1370 ad
453 1332 479 1368 n.
497 1322 664 1382 4418888888
682 1316 843 1368 68841811188
862 1319 957 1368 contre
971 1319 1149 1370 Garruceium
1161 1319 1289 1372 disseruit
1306 1322 1333 1372 in
1352 1323 1413 1388 888.
1428 1317 1517 1376 41888-

171 1409 234 1460 1888
252 1406 281 1457 1’
293 1420 337 1457 888
353 1407 394 1457 4181
415 1406 507 1455 Tranio
525 1407 557 1454 81
572 1404 635 1455 1188.
653 1403 742 1466 4877).
778 1403 853 1454 18884
870 1406 961 1454 881884
981 1404 1144 1455 6844888184
1162 1407 1233 1456 18184
1256 1409 1361 1471 primos
1379 1407 1442 1468 1811,
1469 1413 1515 1474 881

170 1507 250 1546 cusas
273 1506 322 1558 pre
347 1492 472 1556 genuinis
494 1489 629 1540 ediderint
656 1490 689 1554 (v.
712 1489 747 1540 88
765 1503 792 1539 8.
808 1485 912 1554 84*ζ1);
940 1490 1119 1554 quadraginin
1142 1491 1254 1555 glandes
1277 1493 1335 1558 1888
1361 1494 1514 1559 adquisivit,

171 1595 240 1646 8888
266 1593 281 1628 8
307 1577 414 1628 18188418
436 1575 570 1627 18881888
592 1567 754 1639 ‘impressas'
780 1587 839 1626 8888
869 1579 961 1640 postea
987 1575 1117 1627 intellexit
1140 1577 1325 1642 (61811141Χ,4
1344 1593 1371 1646 p.
1391 1585 1436 1630 744
1458 1594 1514 1646 88.;

170 1666 205 1719 81.
218 1671 233 1716 b
246 1679 273 1731 p.
290 1668 365 1726 788);
386 1662 485 1713 indicte
503 1659 696 1712 18181181181848
714 1671 842 1711 88884884
861 1672 944 1724 88884
962 1663 1114 1712 8818484884
1131 1674 1220 1726 448888
1238 1670 1366 1718 88884818
1386 1666 1516 1718 indicavit

174 1765 263 1816 neque
282 1749 391 1801 videtur
408 1747 474 1799 satis
486 1746 608 1798 novisse:
629 1758 691 1797 nam
705 1746 733 1795 18
745 1745 853 1810 Sylloge
865 1759 889 1796 8.
906 1749 971 1796 4877
986 1759 1026 1810 88.
1041 1760 1095 1798 888
1108 1747 1196 1798 881848
1210 1747 1292 1800 181888
1306 1753 1393 1802 musei
1405 1753 1517 1802 liircbe·

170 1838 280 1889 418818.
298 1835 413 1898 41888,
433 1843 597 1897 8884888848
611 1831 635 1900 81
649 1832 719 1881 18184
732 1832 910 1896 paucissimos
922 1845 971 1896 884
983 1832 1082 1883 4881188
1095 1845 1181 1884 88888
1199 1847 1244 1886 eas
1256 1836 1411 1886 examinare
1429 1836 1517 1887 tiene-

172 1923 249 1986 rat1),
280 1935 376 1973 verum
395 1920 559 1970 etiamtunc
581 1917 650 1968 8888
674 1929 753 1968 cusas
777 1916 907 1982 quasdam
925 1914 1139 1980 (4888141811,
1162 1917 1212 1968 ci*
1224 1922 1267 1982 88,
1287 1919 1360 1971 till
1378 1921 1447 1986 sqq.)
1469 1935 1518 1988 848

177 2009 301 2075 genuinis
319 2006 413 2057 edidit.
432 2030 468 2040 -
485 2003 536 2054 Sed
557 2003 638 2053 redee
656 2003 691 2053 ad
710 2003 794 2067 ipsam
812 2016 881 2053 48444.

226 2091 336 2145 11888141
361 2091 483 2155 quaestio
507 2101 562 2139 non
586 2088 749 2154 8818118181
772 2087 903 2152 patefacta
931 2088 988 2152 ipsa
1012 2087 1150 2151 glandium
1177 2089 1281 2153 origine
1308 2095 1335 2143 et
1359 2095 1518 2146 examinatis

175 2182 276 2233 muscis
300 2174 553 2244 1884881811811818.
582 2175 704 2238 Vtroque
722 2186 834 2224 munere
853 2173 921 2224 mibi
938 2171 973 2224 ab
991 2174 1115 2225 instituto
1134 2179 1226 2225 nostre
1243 2177 1449 2242 archaeelogico
1468 2181 1519 2231 de-

174 2267 302 2319 mandato
329 2261 486 2330 perfunctus
513 2272 574 2310 sum
602 2259 666 2310 inde
692 2259 727 2310 eb
754 2262 921 2310 8444484877.
959 2258 991 2309 111
1015 2259 1106 2312 188811
1132 2257 1243 2324 quidam
1267 2275 1291 2314 8.
1309 2266 1373 2312 4877
1398 2266 1517 2330 84148848

173 2351 334 2404 68841811188
352 2351 379 2398 81
397 2360 446 2411 888
465 2345 610 2397 effossione
628 2345 655 2395 in
674 2344 819 2396 castellani
837 2344 914 2396 alveo
933 2345 1054 2396 instituta
1073 2347 1275 2410 inquisivimus,
1295 2349 1390 2414 888188
1409 2349 1518 2402 1888848

172 2437 286 2505 8188888
307 2435 345 2484 1141
369 2434 554 2499 reperirentur
571 2433 618 2480 881
641 2444 694 2481 888
718 2431 903 2495 reperirentur
924 2429 967 2492 (cl.
988 2431 1057 2494 8811.
1072 2430 1130 2482 41811
1145 2433 1207 2483 last.
1222 2437 1288 2483 4877
1306 2447 1334 2499 p.
1351 2439 1472 2501 478888.
1490 2441 1518 2488 81

174 2537 258 2590 88848
276 2536 303 2587 8.
319 2527 333 2571 44
347 2519 427 2586 squ).
466 2517 570 2569 Deinde
595 2516 690 2568 eodem
709 2530 781 2568 anne
800 2517 892 2568 Asculi
912 2516 946 2568 ab
965 2517 1060 2568 amicis
1079 2518 1172 2582 peritis
1191 2519 1302 2570 adiutus
1322 2521 1444 2585 diligenti
1475 2526 1515 2574 in·

172 2609 351 2673 vestigatione
373 2603 466 2664 effeci,
491 2606 523 2654 ut
540 2603 692 2654 certissime
718 2605 869 2664 constaret,
895 2604 956 2667 8818
979 2607 1050 2654 esset
1070 2605 1225 2668 spuriarum
1251 2604 1359 2656 11184884
1377 2607 1516 2671 8188818444

174 2700 284 2755 888184,
310 2693 358 2757 881
382 2692 442 2742 8188
462 2690 545 2751 88811,
566 2689 691 2753 1884144418
710 2689 732 2738 18
749 2689 795 2753 881
815 2689 932 2739 Parisios
949 2689 1132 2750 vendidisset,
1153 2689 1271 2755 denique
1295 2693 1369 2757 88811
1393 2693 1518 2746 181884188

173 2794 239 2834 8888
252 2781 323 2831 esset
336 2775 486 2828 labricandi
498 2774 624 2828 artificio.
643 2775 681 2824 Da
694 2773 807 2838 singulis
820 2775 887 2825 88118
900 2777 941 2826 881
953 2787 1181 2828 commemorasse
1194 2777 1272 2830 14888.
1299 2777 1419 2843 Cognovi
1432 2781 1518 2832 41888-

171 2867 263 2919 ienum
282 2863 430 2929 quendem,
450 2861 495 2925 881
514 2859 660 2924 lesapbum
679 2859 837 2926 Vincenzini
858 2861 894 2923 (in
914 2861 973 2910 vico
992 2860 1115 2912 Carassai
1134 2864 1236 2926 natum)
1257 2864 1284 2914 in
1304 2865 1389 2930 ipsius
1407 2867 1519 2919 taberna

173 2951 285 3018 8188888
304 2949 478 3001 incedentem
490 2946 595 2998 viderat
609 2946 644 2996 de
658 2959 744 3010 eaque
762 2958 792 2996 48
805 2957 945 2996 sermones
958 2959 1020 2997 cum
1040 2947 1087 2998 illo
1101 2947 1213 3012 lecerat3
1235 2949 1308 3000 idem
1320 2951 1386 3002 481141
1399 2954 1519 3004 cesionis

174 3039 287 3090 modum
305 3034 444 3092 indicavit,
458 3046 540 3098 88884
552 3045 647 3084 verum
660 3043 719 3082 esse
733 3033 950 3096 experimentum
962 3045 977 3084 a
989 3033 1069 3084 nobis
1082 3035 1171 3084 statim
1185 3034 1285 3086 tectum
1299 3049 1427 3088 successu
1447 3037 1520 3090 181181

174 3121 371 3189 comprobavit.
397 3145 430 3156 -
455 3119 607 3170 canonicus
628 3117 740 3182 quidam
759 3117 924 3180 1188818888,
950 3119 992 3168 vir
1009 3121 1121 3170 sanctus
1139 3122 1166 3170 et
1183 3119 1292 3181 doctus,
1319 3122 1386 3172 mibi
1404 3125 1517 3186 rettulit,

173 3207 377 3260 Vincenzinium
391 3203 552 3268 Desjardinii
569 3201 698 3254 laseieuie
711 3202 744 3253 ad
757 3202 869 3266 glandes
882 3205 1014 3267 spectanti
1032 3207 1119 3269 841488
1133 3205 1255 3269 18888818
1273 3207 1402 3258 miratum
1421 3222 1519 3273 magno

174 3307 256 3361 opere
275 3305 335 3344 esse
352 3294 380 3341 et
396 3293 522 3356 questum
536 3303 645 3356 888888
662 3289 697 3339 88
715 3291 787 3340 18818
799 3289 923 3341 88814188
940 3291 1066 3354 nanque
1079 3291 1195 3355 pecunia
1212 3291 1240 3340 in
1259 3292 1317 3342 suis
1331 3294 1518 3356 (Vincenzinitl

172 3381 333 3434 commentis
351 3377 450 3429 1488148
469 3378 627 3441 cousumpta
647 3377 906 3441 inscriptionumque
930 3388 1041 3426 suarum
1065 3389 1160 3440 magne
1185 3379 1262 3442 perte
1288 3377 1359 3429 male
1382 3378 1450 3430 18818
1475 3383 1520 3431 in·

174 3469 333 3526 tellectava,
358 3464 425 3516 alias
443 3465 534 3514 autem
553 3463 706 3524 monuisse,
734 3461 784 3511 8181
806 3461 997 3524 4111888841488)
1017 3460 1098 3527 81888
1117 3462 1236 3524 1888188,
1261 3466 1373 3514 omnino
1391 3464 1520 3518 confictas

174 3568 233 3607 esse
253 3567 268 3604 8
286 3551 473 3616 Deajardinio,
496 3548 690 3612 falsariumque
709 3549 798 3613 ipsum
817 3547 844 3598 in
862 3548 953 3598 anime
971 3547 1114 3608 1481481888,
1135 3548 1170 3598 88
1188 3561 1219 3598 88
1237 3562 1268 3600 48
1285 3549 1319 3600 88
1339 3549 1411 3602 8888
1429 3553 1518 3616 188848

174 3637 303 3692 88418848.
340 3637 392 3688 Sed
411 3636 464 3686 hoe
482 3635 507 3686 ei
526 3635 677 3685 canonieus
694 3632 752 3696 iile,
778 3631 939 3698 professoris
959 3633 1072 3683 Parisini
1091 3634 1263 3686 miseratione
1281 3635 1399 3700 quadam
1418 3640 1518 3698 motus,

175 3726 312 3778 dissuasit.
349 3723 380 3772 ld
399 3721 473 3786 quod
492 3733 558 3770 sane
576 3719 723 3770 dotandum
746 3723 794 3768 est.
832 3719 901 3769 Nam
924 3720 1062 3783 preposito
1081 3732 1113 3769 eo
1137 3718 1252 3770 honesto
1270 3719 1377 3772 abiecto
1396 3721 1520 3774 falsarius

174 3813 278 3862 18814448
303 3807 383 3868 81811,
409 3809 439 3857 81
455 3805 656 3868 Desjardinium
681 3817 695 3854 s
719 3803 901 3855 continuanda
924 3803 1042 3854 editione
1060 3805 1221 3866 deterreret,
1247 3809 1278 3857 ut
1295 3806 1444 3872 praeterret
1461 3810 1520 3860 viro

175 3895 334 3949 doctissimo
356 3905 517 3944 succurrere
539 3889 683 3954 glandibus
706 3888 871 3955 quibusdam
890 3891 997 3942 excusis
1016 3888 1098 3956 (81.8.
1114 3893 1147 3940 tc
1166 3891 1217 3943 sub
1236 3893 1278 3956 8),
1304 3906 1373 3957 8888
1391 3893 1520 3946 1881184488

177 3980 398 4045 Desjardinianas
426 3976 505 4028 181888
529 3976 687 4028 exhiberent
712 3976 749 4038 (id
776 3975 849 4040 qued
877 3976 1047 4028 conieceram
1073 3977 1231 4029 1188818184.
1256 3981 1321 4029 4878
1345 3992 1372 4044 8.
1395 3981 1519 4041 81-88).

176 4093 206 4106 -
226 4067 297 4128 Quid
315 4064 389 4130 8888
407 4063 599 4114 Vincenzinius
616 4074 646 4112 se
666 4062 754 4126 ipsum
773 4061 920 4126 aliqnando
939 4075 988 4112 suo
1012 4061 1128 4114 84118818
1146 4063 1291 4128 8888818444
1311 4077 1370 4116 esse
1389 4078 1443 4118 uon
1462 4067 1520 4116 sine

175 4154 301 4204 iaetantia
324 4149 506 4215 praedicavit;
533 4147 658 4212 glandem
683 4149 755 4197 enim
774 4147 910 4213 quandam
939 4147 1111 4213 inscriptam,
1140 4163 1221 4214 quam
1243 4163 1259 4201 8
1280 4151 1383 4202 rustico
1402 4152 1519 4217 quedam

174 4239 320 4302 genuinam
339 4235 463 4285 iudicans
475 4234 595 4294 emisset,
614 4235 707 4298 888188
726 4232 836 4283 8884884
856 4246 885 4284 88
903 4232 1068 4285 intellexisse
1088 4235 1292 4300 inscriptionem
1312 4236 1346 4287 ab
1365 4241 1451 4288 semet
1463 4239 1521 4302 ipse

174 4325 299 4375 incusam
317 4319 444 4373 exhibere
464 4320 594 4371 narravit.
613 4345 649 4355 -
672 4319 710 4368 Ac
727 4318 796 4368 acite
813 4330 896 4380 sana,
923 4320 947 4368 si
965 4321 1027 4384 quis
1044 4319 1191 4384 aliquande
1209 4319 1243 4370 de
1262 4321 1367 4385 glandis
1387 4321 1521 4384 (videlieet

175 4407 360 4472 inscriptionis
378 4406 496 4464 1888888)
512 4406 667 4456 sinceritate
685 4403 831 4464 dubitavit,
858 4403 902 4455 1118
921 4404 1014 4454 Fidem
1033 4418 1135 4467 meam,
1161 4407 1265 4470 inquit,
1286 4405 1376 4470 obligo
1395 4407 1520 4470 glandem

174 4496 314 4558 antiquam
339 4504 413 4554 esse,
441 4492 593 4556 insipientis
611 4494 652 4541 est
670 4489 839 4542 mehercules
857 4491 979 4556 spuriam
997 4489 1127 4542 iudicare.
1148 4491 1289 4542 -Etiam
1313 4504 1441 4542 nummos
1465 4495 1520 4542 tam

175 4580 301 4629 novicios
323 4591 407 4642 quam
431 4578 467 4640 (in
491 4577 592 4642 quibus
616 4577 815 4640 cognoscendis
840 4575 960 4627 studium
985 4575 1033 4626 diu
1050 4575 1238 4637 collocaverat)
1267 4579 1394 4641 antiquos
1422 4578 1521 4627 imitari

175 4667 281 4730 egregie
302 4662 424 4715 callebat.
455 4663 504 4714 Cui
516 4663 664 4714 canonicus
683 4661 727 4712 iile
750 4675 812 4712 eum
825 4663 963 4727 quondam
982 4675 1123 4712 nummum
1142 4675 1260 4713 aeneum
1272 4662 1422 4712 Romanum
1443 4667 1522 4713 utan-

177 4751 243 4802 dum
267 4748 402 4812 dedisset,
430 4749 562 4814 postridie
587 4750 613 4798 in
638 4749 697 4799 eius
716 4745 823 4798 81118188
847 4761 906 4799 4884
929 4761 1007 4798 suam
1031 4749 1195 4812 repetiturus
1218 4747 1366 4798 duedecim
1390 4749 1441 4798 iam
1469 4749 1521 4799 8118

177 4837 236 4888 8188
258 4836 362 4885 nummi
387 4834 552 4900 exemplaria
570 4846 585 4883 a
600 4831 775 4885 Vincenainie
795 4831 878 4884 efficta
899 4834 1041 4884 invenitet
1067 4836 1142 4884 18818
1159 4833 1270 4898 quidem
1289 4837 1346 4901 arte
1369 4832 1473 4896 atficta,
1491 4837 1523 4885 ut

176 4921 356 4986 archetypum
375 4919 493 4972 81888481
512 4933 566 4971 888
585 4923 677 4985 posset
695 4920 748 4970 nisi
766 4933 800 4970 ax
818 4920 894 4983 81888
918 4919 1037 4982 quodam
1055 4919 1178 4980 occulto,
1208 4919 1283 4983 qued
1301 4917 1426 4972 181884188
1443 4923 1521 4971 88188

176 5007 359 5072 inscripserat.
385 5032 418 5042 -
441 5005 480 5056 Ex
500 5003 681 5058 bibliothecae
706 5004 878 5069 municipalis
901 5005 1052 5056 1188818888
1070 5005 1157 5056 818418
1185 5017 1247 5054 88444
1266 5005 1433 5066 didicissem,
1453 5017 1522 5070 quos

177 5092 262 5142 118488
292 5092 484 5143 Vincenzinius
513 5092 630 5143 utendos
659 5091 822 5156 accepisset,
857 5092 885 5141 in
914 5091 947 5140 iis
981 5092 1086 5156 repperi
1119 5091 1268 5142 indicatum
1303 5092 1384 5142 etiam
1411 5090 1521 5143 Cobenii

230 5268 253 5328 4)
282 5263 335 5314 1188
359 5264 447 5314 musei
465 5263 634 5314 111488841881
659 5261 771 5327 glandes
795 5259 876 5313 181888
899 5273 959 5312 8888
983 5275 1031 5327 888
1057 5266 1121 5313 tunc
1144 5261 1315 5324 detexeram,
1341 5262 1390 5314 sed
1414 5261 1448 5311 de
1473 5261 1523 5311 888

176 5340 288 5404 quidem
307 5353 335 5390 re
355 5339 421 5389 nibil
439 5352 500 5390 eum
520 5352 658 5403 quoquam
677 5341 952 5391 communicaveram.
