3702 5962
681 547 880 598 PRAEFATIO.
1335 557 1456 606 xxxlx

202 721 385 802 nonnullas,
418 739 458 782 ex
479 720 573 783 libris
596 721 772 801 exscriptas
795 721 860 782 fero
883 738 1011 800 omnes,
1044 739 1078 799 p.
1097 719 1267 782 sto-252
1298 720 1455 784 exhibuit.

202 823 335 887 Glandas
350 823 451 887 edidit
466 825 525 886 hoc
540 822 653 886 ordine
674 819 880 886 distributas:
905 843 938 904 p.
957 822 1127 884 tot-tta
1149 821 1223 902 (tab.
1243 823 1268 884 ll
1285 842 1317 884 n.
1338 823 1454 907 t-33)

202 923 333 1008 glandes
353 925 429 989 belli
453 925 588 1004 socialis,
613 944 646 1005 p.
666 925 728 987 249
744 944 794 1008 sq.
819 925 859 1002 (n.
879 923 1017 1007 34-36)
1036 925 1113 987 belli
1137 925 1279 1005 Spartaci
1306 924 1357 1007 (cl.
1376 945 1457 1007 quae

201 1027 265 1090 dixi
282 1028 323 1091 ad
339 1046 371 1089 n.
392 1029 456 1112 43),
482 1049 516 1110 p.
534 1028 699 1090 aso-23⁴
726 1027 768 1106 (n.
787 1025 925 1110 37-oe)
951 1027 1029 1090 belli
1046 1027 1209 1106 Perusini,
1235 1048 1269 1109 p.
1288 1028 1457 1092 sas-239

202 1128 242 1212 (n.
259 1129 387 1204 tat-68
414 1140 446 1194 et
468 1149 501 1194 n.
528 1131 580 1212 84)
610 1130 767 1194 bellorum
789 1131 985 1194 incertorum
1011 1149 1029 1192 a
1063 1129 1245 1211 legionibus
1271 1129 1452 1212 inscriptas,

197 1253 228 1314 p.
253 1233 424 1295 440-244
452 1231 494 1314 (n.
513 1231 650 1318 80—83)
686 1233 809 1296 Siculas
837 1233 972 1294 Graecas
1003 1241 1035 1293 et
1056 1231 1198 1312 Latinas,
1231 1253 1264 1314 p.
1283 1233 1452 1296 stt—250

197 1335 331 1398 Graecas
353 1335 432 1398 alias
457 1334 550 1417 (inter
572 1335 629 1398 has
652 1354 779 1416 quoque
803 1333 949 1414 Siculas),
975 1353 1008 1415 p.
1027 1334 1196 1397 ato-253
1221 1337 1336 1398 varias.

276 1439 438 1501 Materiam
461 1439 587 1520 collegit
615 1457 692 1502 sane
722 1438 879 1519 copiosam
902 1437 1093 1517 primusque
1116 1454 1211 1517 quam
1234 1437 1297 1501 late
1320 1438 1378 1502 hoc
1401 1438 1453 1500 in-

197 1541 403 1622 scriptionum
426 1559 526 1621 genus
541 1550 676 1623 pateret,
703 1541 823 1604 docuit.
860 1540 939 1602 Cum
954 1558 1031 1601 vero
1054 1539 1226 1620 plerasque
1245 1540 1377 1620 glandes
1392 1560 1456 1603 non

199 1644 266 1725 ipse
297 1643 561 1724 examinavisset,
600 1644 658 1708 sed
685 1645 719 1704 in
746 1643 880 1706 aliorum
903 1641 1094 1724 apographis
1121 1643 1340 1722 acquiesceret
1362 1642 1456 1707 etde

197 1746 245 1809 his
267 1746 367 1809 rebus
391 1746 531 1810 iudicare
554 1765 618 1810 non
640 1747 718 1808 satis
739 1744 915 1824 didicisset,
942 1762 1005 1806 non
1028 1743 1131 1806 solum
1147 1746 1328 1826 complures
1350 1746 1457 1809 minus

198 1847 365 1911 emendata
388 1849 523 1912 lectione
546 1849 650 1913 edidit
670 1866 782 1910 verum
804 1845 899 1910 etiam
922 1865 1035 1927 parurn
1058 1845 1143 1908 cavit
1164 1867 1182 1908 a
1205 1847 1342 1928 spuriis,
1373 1865 1456 1927 quae

195 1959 270 2014 tunc
309 1969 473 2032 emergere
513 1961 700 2034 coeperunt,
743 1947 927 2030 decipiendi
964 1949 1130 2029 prurigine
1169 1968 1207 2011 eo
1241 1949 1324 2031 ipso,
1368 1948 1455 2029 quod

196 2053 327 2134 glandes
361 2073 379 2116 a
412 2055 538 2118 llinioio
572 2052 799 2133 undecumque
834 2051 1114 2131 conquirerentur,
1150 2051 1366 2114 nebulonibus
1400 2069 1457 2114 ex-

197 2157 300 2220 citata.
349 2155 389 2218 Et
410 2164 517 2219 tamon
541 2157 730 2236 rectissime,
757 2165 794 2218 ut
815 2161 951 2232 caveret,
978 2153 1116 2216 monitus
1139 2162 1207 2216 erat
1229 2174 1246 2218 a
1269 2154 1451 2236 Borghesi03

196 2277 289 2338 quem
312 2266 437 2321 tantum
460 2257 571 2322 aberat
592 2269 629 2322 ut
650 2257 793 2337 audiret,
827 2264 864 2320 ut
885 2274 926 2317 ne
949 2265 1136 2336 argumenta
1159 2253 1308 2336 quidem,
1335 2255 1456 2337 quibus

195 2361 254 2422 viri
284 2359 401 2424 summi
431 2361 570 2442 suspicio
598 2361 776 2440 nitebatur,
808 2359 914 2440 palam
944 2358 1111 2439 evulgaret
1139 2377 1240 2439 eoque
1271 2357 1452 2440 impediret,

197 2465 367 2544 quominus
390 2463 430 2526 iis
453 2463 506 2527 alii
530 2463 646 2526 melius
668 2463 716 2526 uti
738 2471 887 2543 possent3
914 2459 955 2522 cf.
974 2479 1055 2542 quae
1071 2460 1140 2524 dixi
1155 2481 1188 2543 p.
1208 2463 1247 2522 89
1263 2480 1312 2542 sq.
1338 2463 1457 2536 Quam-

196 2585 290 2647 quam
329 2565 421 2630 adost
459 2566 489 2628 ei
527 2565 671 2629 nonnihil
712 2564 942 2642 excusationis,
984 2562 1243 2645 quandoquidem
1284 2565 1455 2644 plerasque

196 2688 305 2732 earum
327 2669 505 2750 nuperrimi
529 2685 656 2748 quoque
679 2667 830 2747 editores,
863 2667 939 2728 licet
968 2685 1022 2728 eas
1045 2665 1101 2729 diu
1124 2665 1306 2730 examinare
1329 2675 1456 2730 etcum

196 2771 344 2852 genuinis
366 2769 511 2834 conferre
533 2779 680 2852 possent,
715 2787 766 2832 ex.
793 2787 839 2850 gr.
865 2767 1074 2846 Garruccius,
1105 2769 1263 2850 genuinas
1286 2788 1357 2832 osse
1379 2787 1456 2832 cen-

197 2882 340 2936 suerunt.
366 2909 405 2921 -
429 2873 522 2947 Quod
544 2872 707 2954 glandium
731 2873 885 2952 originem
909 2888 1006 2951 saepe
1029 2887 1091 2932 non
1116 2869 1285 2952 indicavit,
1317 2873 1387 2935 eius
1410 2873 1456 2935 rei

197 2977 288 3057 culpa
311 2976 412 3058 magis
442 2977 514 3038 eius
542 2975 727 3038 auctoribus
754 2993 851 3055 quam
874 2972 988 3036 editori
1011 2971 1183 3036 tribuenda
1207 2982 1271 3054 est,
1305 2972 1363 3036 sed
1386 2975 1456 3054 ipse

195 3087 358 3159 praeterea
388 3079 483 3141 etiam
510 3095 761 3160 nonnumquam,
782 3075 839 3140 ubi
867 3084 1029 3138 exstarent
1059 3074 1192 3156 glandes
1214 3074 1368 3138 adnotare
1397 3095 1456 3139 ne-

194 3181 301 3261 glexit,
327 3189 364 3244 ut
379 3179 540 3261 quodnam
557 3181 721 3262 exemplar
742 3179 907 3261 significet,
928 3179 1108 3240 coniectura
1131 3178 1389 3258 investigandum
1413 3179 1456 3242 sit

200 3281 247 3364 (ci.
268 3281 377 3367 l'i,1),
411 3284 444 3344 in
466 3281 658 3363 quibusdam
682 3281 821 3345 discerni
850 3282 945 3362 plane
974 3287 1126 3360 nequeat.
1172 3281 1347 3358 Praeterea,
1373 3281 1458 3344 sicut

194 3386 260 3447 suis
283 3385 362 3448 locis
376 3384 536 3466 adnotavi,
561 3385 788 3448 nonnullarum
804 3383 967 3465 glandium
983 3381 1139 3463 originem
1159 3381 1266 3462 potius
1281 3381 1455 3445 coniecisse

194 3506 232 3550 ex
254 3487 463 3569 inscriptione
477 3487 606 3552 ridetur
628 3507 724 3569 quam
747 3487 896 3550 traditam
919 3483 1082 3548 habuisse.
1100 3517 1143 3530 -
1158 3484 1315 3565 Imagines
1330 3485 1455 3548 littera·

194 3609 262 3652 rum
278 3589 412 3654 formam
426 3609 541 3671 parum
560 3590 623 3654 fide
639 3597 894 3673 repraesentant,
919 3587 1014 3652 etiam
1031 3587 1114 3666 illae,
1140 3605 1223 3667 quae
1245 3586 1287 3651 ad
1309 3588 1457 3669 exempla

195 3691 351 3756 delineata
374 3693 527 3775 repetitae
549 3701 642 3772 sunt;
676 3691 734 3756 sed
757 3711 822 3772 eas,
848 3709 928 3772 quas
951 3688 1085 3770 subieci,
1111 3709 1148 3751 ex
1170 3691 1361 3772 apographis
1382 3699 1455 3754 tan-

195 3803 262 3858 tum
284 3794 401 3859 litteris
423 3795 612 3878 vulgaribus
634 3796 668 3858 in
696 3795 805 3858 tabula
828 3793 986 3858 exhibuit:
1020 3792 1085 3855 tab.
1103 3793 1129 3854 ll
1147 3794 1178 3855 2.
1204 3794 1234 3854 6.
1256 3794 1306 3855 li.
1329 3794 1378 3856 46.
1400 3794 1451 3856 ld.

198 3899 248 3960 28.
266 3898 320 3962 344.
341 3898 479 3960 38-44.
503 3899 556 3960 544.
578 3898 630 3961 ot.
651 3897 703 3959 57.
731 3897 783 3960 60.
802 3895 942 3958 74-77.
968 3897 1020 3958 80.
1039 3898 1092 3959 8l.
1118 3898 1171 3976 83,
1197 3895 1315 3960 additis
1337 3896 1378 3962 ad
1401 3899 1457 3961 has

196 4010 226 4063 et
249 4002 283 4062 54
321 4000 430 4065 formis
459 4019 589 4083 quoqne
619 3998 782 4082 glandium
805 4000 900 4081 plane
923 3998 1110 4063 arbitrariis.
1160 3996 1212 4064 Ad
1237 4002 1456 4066 characterum

193 4104 400 4184 antiquorum
422 4103 555 4166 formam
578 4101 829 4185 cognoscendam
850 4102 955 4165 omnia
978 4103 1049 4166 eius
1077 4103 1224 4185 exempla
1246 4103 1367 4167 nullius
1390 4104 1456 4166 fere

193 4225 274 4270 usus
301 4215 388 4270 sunt.
415 4239 454 4252 —
478 4207 518 4268 Vt
540 4205 666 4269 lectoris
689 4202 851 4268 commodo
880 4205 1094 4287 consulerem,
1128 4207 1296 4269 elenchum
1319 4204 1452 4284 subieci,

194 4327 257 4389 quo
276 4309 462 4372 Minicianos
485 4327 636 4371 numeros
659 4327 730 4372 cum
752 4308 870 4371 nostris
892 4308 1071 4388 composui,
1103 4308 1162 4372 hac
1183 4316 1256 4370 nota
1285 4311 1305 4385 †
1333 4306 1457 4388 signifi-

193 4431 268 4475 cans
293 4411 495 4475 hlinicianam
524 4411 762 4492 inscriptionem
792 4430 862 4474 meo
889 4411 1009 4474 iudicio
1039 4429 1107 4474 esse
1130 4411 1275 4473 lectionis
1298 4409 1411 4487 falsae,
1437 4413 1457 4486 ss

194 4513 342 4594 glandem
365 4523 564 4596 suspectam,
591 4517 608 4549 *
630 4513 785 4595 spuriam.

147 4731 242 4787 llinicii
314 4737 357 4788 ed.
378 4739 487 4788 nostroe
609 4736 710 4787 Minioii
781 4735 826 4786 ed.
847 4738 955 4787 nostrae
1073 4734 1176 4785 Minioii
1246 4731 1290 4786 ed.
1311 4734 1421 4784 nostrae

195 4823 208 4881 4
325 4821 367 4882 r*
651 4819 692 4903 [4]
794 4822 855 4882 u*
1107 4819 1145 4880 44
1258 4820 1321 4880 re*

193 4905 212 4968 2
323 4909 362 4969 82
382 4911 465 4986 nct.†
663 4907 681 4966 8
792 4907 836 4966 8*
1107 4905 1144 4966 Η

192 4992 210 5053 3
325 4996 421 5071 944]ι
663 4993 681 5052 9
793 4994 838 5052 9*
1107 4991 1146 5051 444

194 5079 211 5138 4
325 5078 388 5140 aa*
643 5079 681 5138 44
792 5078 855 5155 aoss
1107 5076 1146 5137 44

194 5165 213 5224 44
323 5166 392 5229 644
643 5165 676 5224 44
794 5164 857 5226 li*
1107 5161 1147 5224 47

325 5251 379 5315 74
643 5250 682 5312 lb
790 5252 888 5326 9ao†
1012 5222 1015 5331 l
1108 5248 1147 5310 48
