3776 5966
700 563 858 614 eunucus
876 563 1076 614 4444444444.
1509 550 1556 621 59

218 765 247 817 6.
270 764 287 816 6
311 759 353 814 De
373 759 551 830 uongpener
573 757 728 816 llitsohelio
752 758 873 829 epistula
892 762 929 814 t'i
946 757 1026 829 Sept.
1050 762 1127 815 4664
1152 759 1257 828 scripta
1284 752 1329 834 (ex
1353 758 1442 815 altera
1464 764 1561 814 temen

261 877 320 918 non
342 862 521 930 transcripsit
543 861 596 916 uisi
620 853 695 936 rue);
722 860 800 918 idem
823 863 899 917 misit
914 861 1091 917 Mommseno
1107 860 1224 930 Corp.l
1247 863 1307 917 'tot
1329 853 1405 936 (inde
1421 859 1561 917 Garrucci

263 957 370 1038 4689).
395 992 440 1004 -
462 963 581 1019 Fulmen
604 979 662 1020 non
684 965 856 1020 memoravit
877 963 1063 1033 Longperier.

220 1070 238 1122 'l
261 1067 410 1138 Descripsi
433 1081 469 1122 ex
491 1069 607 1138 ectypo,
635 1065 713 1138 quod
736 1068 831 1121 estin
854 1065 1046 1122 Vischerianis
1069 1067 1160 1120 musei
1182 1065 1365 1120 basileensis.

216 1228 326 1310 64[=
341 1195 459 1308 Corpsl
482 1252 511 1293 n.
533 1230 604 1312 686]
638 1238 719 1308 origo
742 1252 800 1293 non
822 1236 944 1292 traditur
964 1228 1060 1312 [antea
1082 1236 1169 1291 firmi
1191 1234 1267 1306 apud
1290 1235 1452 1305 Minicium,
1483 1252 1561 1292 nunc

261 1338 395 1395 Perusiae
418 1338 495 1410 apud
520 1340 655 1395 comitem
671 1332 887 1413 llossi-Sootti].
928 1339 1024 1410 Longa
1043 1341 1150 1407 0,⁰ll,
1178 1353 1274 1394 crassa
1292 1342 1382 1406 0,02t
1405 1344 1434 1393 et
1450 1340 1558 1406 o,ots.

617 1475 641 1515 in
655 1474 743 1516 duobus
757 1474 815 1516 orele
830 1475 902 1515 cultro
916 1476 953 1516 vel
966 1473 1083 1515 inlidendo
1097 1474 1162 1515 lectis

675 1543 769 1595 graphio
782 1543 893 1594 scripturn
906 1542 988 1584 Mttcrir
1001 1543 1102 1584 minimis

596 1638 627 1691 in
649 1637 759 1692 altero:
1033 1639 1063 1692 in
1086 1637 1196 1693 altera:

531 1763 549 1802 l.
572 1759 690 1802 ΔΝΤΟΝΙ
714 1760 818 1809 ΕΔΜΙΙῙ
1008 1760 1027 1803 C
1046 1775 1053 1790 ·
1071 1759 1226 1804 cntrsauvs

531 1863 667 1905 PllRlS'l'l
1007 1863 1228 1906 vtcronrn

217 1994 288 2051 Tab.
307 1995 347 2050 tx
373 1999 383 2050 4
419 1994 531 2065 glandis
552 2000 650 2064 partes
677 1994 755 2050 duae
777 1992 1023 2066 photographice,
1059 1987 1094 2049 ⁴⁰
1117 2000 1145 2050 et
1171 1973 1203 2048 4ὁ
1225 2008 1259 2050 ex
1283 2009 1348 2050 mea
1370 1993 1562 2051 delineatione

217 2099 419 2168 inscriptiones
442 2095 623 2153 exhibentur.
669 2098 827 2168 Descripsi.
852 2125 896 2136 —-
917 2096 969 2152 Ed.
989 2096 1030 2151 lle
1047 2096 1158 2152 Minicis
1180 2097 1241 2152 t.11
1258 2099 1308 2164 64,
1335 2111 1365 2167 p.
1386 2101 1441 2155 att
1471 2113 1500 2152 n.
1525 2100 1559 2156 l2

218 2205 246 2256 et
268 2217 300 2272 p.
319 2204 379 2260 229
408 2192 486 2274 (inde
508 2200 662 2255 lleuzenus
687 2202 781 2268 6636,
808 2199 916 2255 liitschl
938 2205 960 2254 t.
979 2199 1018 2254 1x
1035 2201 1086 2266 34,
1112 2199 1272 2256 Mommsen
1286 2198 1403 2270 Corpl
1429 2203 1499 2269 666,
1527 2215 1563 2254 ex

218 2303 275 2360 hoc
297 2301 459 2358 Wilmanns
484 2301 587 2359 482444
610 2307 638 2357 44
662 2301 837 2358 Garruccius
863 2294 970 2374 4096).

304 2417 394 2460 cnuvr
423 2404 554 2459 Minicius
583 2405 613 2459 in
638 2402 713 2472 tab,
745 2403 798 2459 sed
821 2417 921 2460 canvu
951 2403 980 2458 in
1004 2418 1129 2470 comm,
1160 2410 1257 2472 recte,
1292 2403 1321 2459 id
1350 2403 1428 2473 quod
1458 2401 1563 2474 glande

219 2507 311 2564 oculis
333 2505 449 2562 intentis
472 2508 634 2562 examinata
656 2504 784 2562 intellexi
799 2511 829 2561 ot
848 2507 940 2561 cuivis
955 2507 1024 2561 satis
1047 2504 1162 2562 oculato
1178 2520 1293 2561 mecum
1314 2506 1448 2576 glandem
1470 2508 1563 2577 ipsam

217 2611 384 2680 inspecturo
407 2621 614 2678 persuasurum
637 2625 684 2665 me
708 2623 774 2665 esse
798 2606 923 2665 conlido.
970 2605 1094 2665 Omnino
1123 2609 1200 2663 enim
1231 2623 1303 2664 cave
1331 2609 1361 2662 in
1391 2607 1497 2664 talibus
1525 2623 1562 2664 no

220 2717 333 2768 exstare
356 2709 461 2766 ductus
483 2726 499 2765 a
521 2725 568 2765 me
591 2710 721 2768 detectos
743 2725 942 2783 praepropere
964 2725 1064 2780 neges,
1090 2710 1168 2780 quod
1189 2726 1259 2767 sane
1281 2717 1326 2767 est
1339 2711 1430 2768 multo
1453 2711 1564 2766 lucilius

218 2829 305 2886 quam
328 2828 378 2884 ea,
414 2827 489 2883 quae
511 2828 528 2868 4
550 2828 598 2868 me
621 2820 736 2885 reporta
758 2818 836 2880 sunt,
862 2812 959 2869 denuo
982 2814 1122 2884 reperire.
1169 2811 1249 2881 Quae
1271 2818 1426 2884 propterea
1449 2812 1558 2880 monui,

219 2916 298 2988 quod
320 2917 432 2971 amicus
455 2913 574 2986 quidam
596 2915 733 2972 lineolam
755 2915 832 2970 illam
855 2931 886 2970 se
909 2918 1039 2985 reperire
1062 2931 1148 2986 posse
1170 2917 1297 2986 negavit.

302 3019 336 3073 L.
362 3017 466 3072 Antoni
488 3016 582 3084 calce,
606 3019 709 3090 peristi
732 3017 760 3074 0.
782 3018 921 3074 Caesarue
948 3010 1008 3093 (444)
1034 3020 1166 3073 victorio.
1193 3017 1374 3087 Quibuscum
1397 3017 1562 3088 inscriptio-

219 3135 286 3176 nem
320 3119 503 3191 parietariam
533 3119 736 3191 Pompeianam
767 3121 854 3192 Corp.
880 3119 915 3176 1v
949 3123 1028 3178 ⁴293
1065 3119 1217 3193 Campani,
1254 3121 1376 3175 victorio
1408 3136 1467 3174 uno
1499 3135 1562 3174 curn

216 3223 367 3278 Nucerinis
385 3223 501 3294 perietis
516 3223 646 3293 apposite
662 3221 782 3279 contulit
796 3223 939 3279 Minicius.
964 3251 1008 3261 —
1029 3221 1099 3278 Cum
1118 3223 1255 3278 Caesarue
1275 3221 1312 3278 cl.
1330 3220 1433 3276 similia
1448 3219 1563 3291 Corp.!

218 3340 248 3396 p.
266 3327 325 3380 663
343 3322 433 3380 coli
459 3325 635 3393 composita;
662 3324 826 3394 exemplum
850 3327 936 3381 etiam
956 3326 1100 3394 posterius
1123 3322 1245 3393 praebet
1266 3324 1414 3394 inscriptio
1430 3322 1562 3393 Pompeis

215 3430 316 3483 altit
352 3424 529 3497 scariphata,
562 3427 593 3482 in
623 3442 681 3497 qua
712 3433 755 3484 est
784 3443 867 3483 cerus
889 3428 975 3498 Corp.
994 3427 1029 3482 1v
1050 3442 1081 3482 n.
1102 3429 1195 3484 etto.
1222 3455 1263 3465 -
1286 3426 1364 3482 luter
1386 3425 1458 3480 duas
1480 3439 1562 3481 areas

217 3527 378 3586 ludibunda
399 3543 485 3583 manu
510 3528 693 3600 scariphatae
716 3534 784 3585 sunt
806 3529 880 3586 duae
903 3545 922 3584 44
944 3530 1005 3585 lere
1028 3529 1177 3585 cursivao:
1219 3543 1289 3584 nn.

304 3631 453 3686 Calvitiem
475 3630 505 3686 L.
522 3628 653 3700 Antonii,
680 3645 757 3701 quae
779 3633 806 3687 ei
828 3631 884 3688 hac
907 3638 936 3687 ot
957 3630 1119 3701 insequenti
1142 3630 1245 3700 glande
1269 3628 1471 3702 exprobratur,
1504 3645 1562 3687 non

218 3739 381 3790 memorant
409 3733 566 3803 scriptores
595 3732 646 3787 sed
675 3734 826 3791 manifeste
856 3739 995 3791 monstrat
1022 3747 1128 3788 aureus
1157 3727 1264 3808 (Cohen
1286 3732 1406 3788 Cocceia
1433 3725 1459 3808 4)
1486 3747 1562 3788 anno

218 3839 278 3893 446
308 3837 327 3890 4.
353 3850 381 3890 e.
407 3832 510 3890 eodem
539 3849 597 3904 quo
628 3835 745 3892 Perusia
776 3834 906 3892 obsideri
936 3841 1040 3907 coepta
1069 3841 1113 3891 est
1142 3850 1279 3892 excusus,
1331 3835 1362 3890 ln
1393 3835 1455 3890 eius
1485 3836 1562 3890 enim

216 3936 391 4009 quibusdam
419 3935 633 4006 exemplaribus
660 3930 728 4012 (non
757 3940 786 3993 in
814 3930 988 4013 Coheniano)
1018 3937 1082 4005 his,
1116 3937 1223 4009 quibus
1246 3939 1288 3993 uti
1315 3939 1395 4008 potui
1430 3931 1454 4012 4)
1483 3936 1561 4009 apud

215 4041 394 4098 Viscontium
409 4038 542 4109 lconogr.
558 4038 695 4106 Romana,
719 4031 746 4113 2)
767 4039 845 4112 apud
860 4039 1077 4110 Remouillium,
1096 4041 1193 4097 licem.
1207 4040 1341 4113 lionopr.
1357 4041 1369 4096 l
1383 4039 1443 4096 tab.
1459 4039 1495 4096 1v
1508 4045 1558 4109 96,

217 4135 246 4218 3)
273 4145 367 4197 musei
388 4139 593 4209 Berolinensis,
620 4141 703 4197 cuius
726 4146 830 4214 ectypa
853 4142 923 4198 mihi
945 4143 1022 4199 misit
1044 4142 1300 4213 Friedlaenderus,
1329 4137 1356 4219 4)
1383 4144 1477 4200 musei
1498 4144 1563 4198 Bri-

214 4244 322 4300 tannici
357 4238 450 4318 (goide
479 4251 507 4299 to
539 4243 695 4302 tueretur
721 4245 805 4315 precli
836 4246 893 4300 and
920 4262 992 4300 rom.
1018 4247 1095 4301 coins
1121 4250 1199 4302 4866
1226 4262 1257 4316 p.
1280 4249 1355 4302 tlt:
1392 4243 1557 4318 4144442),

215 4350 298 4403 cuius
320 4351 459 4419 ectypum
482 4325 693 4417 electrotypum
721 4347 882 4402 institutum
903 4347 1153 4419 archaeologicum
1175 4347 1421 4420 Heidelbergense
1443 4353 1562 4404 auctore

215 4449 330 4505 Duhnio
351 4449 515 4519 acquisivit,
542 4451 572 4503 in
592 4447 638 4503 bis
660 4449 748 4519 igitur
761 4448 841 4505 irons
856 4450 887 4503 L.
901 4447 1016 4506 Antonii
1032 4450 1158 4506 consulis
1174 4451 1285 4522 capillis
1301 4451 1378 4506 nuda
1394 4449 1558 4506 exhibetur.

214 4611 456 4694 tiit=corp1
479 4635 509 4674 n.
530 4612 601 4693 684]
640 4635 675 4674 ex
705 4634 774 4690 agro
797 4620 935 4676 Ponrsino
964 4614 1028 4696 [luit
1051 4621 1139 4676 Firmi
1161 4620 1239 4692 apud
1261 4621 1422 4687 Minicium,
1456 4619 1561 4676 deinde

258 4722 392 4777 Pemsiae
415 4721 493 4791 apud
516 4722 674 4778 Marianum
696 4720 909 4788 Guardabassi;
935 4720 972 4778 ab
996 4722 1052 4780 boo
1074 4722 1176 4780 habuit
1198 4723 1306 4778 Lovatti
1330 4723 1484 4790 Romanus
1511 4723 1561 4792 qui

257 4817 408 4899 perdidit].

607 4944 709 5000 litteris
731 4945 850 5000 cursivis
870 4945 948 5020 (soil.
971 4943 1169 5017 incriptatal:

804 5068 962 5111 secuturi

808 5171 939 5214 rvnvrn

834 5273 996 5316 cvtvmrot
