3702 5962
343 596 396 644 xu
914 583 1115 634 Pnaurarro.

344 759 463 840 oport
487 777 529 818 m.
555 758 616 819 alte
640 765 730 836 sunt,
762 756 924 836 glandium
952 757 1049 834 igitur
1071 754 1247 816 crassitudo
1270 756 1405 816 maxima
1428 766 1496 816 eret
1520 757 1616 834 uota
1641 779 1684 819 m.

344 862 550 942 inscriptione
573 861 650 920 baec
667 858 797 938 quidem
819 859 974 939 particula
991 868 1088 919 caret.
1129 858 1247 920 Similis
1270 866 1319 919 est
1333 859 1439 920 Sicula
1463 859 1564 938 glans,
1590 879 1686 941 quam

343 963 474 1025 exhibet
502 963 626 1025 Salinas
655 957 773 1024 Annali
794 961 825 1022 d.
851 963 927 1024 lnsl.
962 961 1043 1021 4878
1075 961 1137 1024 tab.
1157 961 1218 1039 Fa,
1244 980 1277 1040 p.
1296 961 1350 1022 32.
1382 995 1425 1006 -
1453 961 1531 1024 Cum
1569 963 1687 1024 multae

344 1066 506 1146 glandium
539 1083 557 1126 a
580 1085 631 1126 me
653 1065 904 1126 examinatarum
927 1073 990 1126 tam
1008 1068 1145 1127 Graecae
1168 1082 1263 1144 quam
1282 1065 1408 1126 Latinae
1430 1065 1600 1128 ostendant
1623 1065 1689 1128 lor-

342 1188 412 1230 mae
434 1187 510 1231 suae
534 1167 690 1248 loramen,
717 1186 780 1248 quo
801 1168 967 1249 plumbum
1001 1166 1246 1246 infundebatur,
1273 1185 1336 1228 non
1361 1168 1393 1229 in
1416 1167 1515 1230 latere
1543 1167 1589 1249 (ut
1612 1170 1643 1230 in
1662 1170 1684 1248 l)

342 1271 400 1333 sed
423 1272 456 1332 in
479 1271 588 1332 aculeo
611 1269 736 1352 glandis
759 1271 858 1333 inisse
886 1269 936 1352 [ci.
962 1291 994 1352 p.
1012 1273 1062 1331 Xl-
1078 1269 1216 1350 princ),
1249 1269 1352 1332 adieci
1376 1269 1531 1332 eiusmodi
1556 1270 1684 1351 formae,

343 1374 447 1455 qualis
470 1373 537 1435 lere
568 1373 665 1436 luisse
687 1372 843 1451 videatur,
876 1374 1043 1453 imaginem
1068 1393 1085 1433 a
1108 1390 1159 1433 me
1186 1370 1322 1434 alliciam
1349 1370 1412 1454 (lig.
1432 1373 1496 1454 111).
1550 1376 1611 1437 Vix
1640 1385 1690 1437 est

344 1475 428 1557 quod
444 1494 598 1556 moneam,
624 1476 744 1538 tamin
768 1475 972 1555 illiusquam
997 1476 1029 1537 in
1052 1477 1147 1537 huius
1170 1475 1231 1536 ime
1248 1485 1350 1556 parte,
1377 1477 1409 1537 in
1433 1494 1494 1556 que
1518 1475 1580 1538 duo
1604 1477 1688 1538 lora-

344 1579 429 1640 mina
453 1597 468 1640 e
491 1578 628 1659 exempli
651 1579 751 1660 gratia
775 1576 921 1658 exhibui,
949 1579 1111 1658 singulare
1135 1577 1282 1641 sulficere
1306 1579 1338 1639 in
1362 1577 1466 1640 media
1488 1589 1577 1661 parte
1603 1581 1690 1642 inso-

344 1681 491 1745 rendum.
519 1717 557 1728 —
586 1679 693 1744 Asculi
725 1680 766 1743 ad
798 1690 920 1761 portam
954 1682 1112 1762 geminam
1140 1683 1311 1743 Romanam
1340 1692 1373 1743 et
1395 1680 1554 1744 fornacem
1584 1692 1616 1743 et
1638 1684 1690 1744 in-

343 1794 518 1848 strumenta
541 1783 704 1865 glandium
727 1783 981 1846 fabricandamm
1006 1785 1135 1846 inventa
1159 1802 1228 1846 esse
1252 1784 1369 1846 lerunt.
1418 1784 1508 1858 Quod
1531 1786 1558 1846 si
1582 1795 1687 1848 tamen

343 1907 456 1951 verum
479 1898 541 1968 est,
568 1887 626 1949 hoc
648 1895 771 1950 constat
794 1905 830 1949 ea
854 1888 1065 1949 instmmenta
1086 1906 1192 1967 neque
1215 1906 1233 1948 a
1255 1905 1414 1969 quoquam
1437 1886 1596 1969 descripta
1617 1907 1689 1950 esse

343 2009 448 2071 neque
471 1990 526 2052 ubi
549 2009 635 2052 nuno
658 1999 793 2069 exstent,
820 1989 977 2071 explorari
993 1990 1143 2070 potuisse,
1169 1990 1284 2071 ligulas
1306 1999 1409 2053 66466]
1433 1991 1580 2066 aheneus,
1606 2010 1688 2072 quae

343 2092 494 2156 dicuntur
523 2092 597 2155 inde
627 2094 816 2174 provenire,
853 2091 957 2155 iraudi
988 2093 1130 2154 noviciae
1159 2090 1283 2154 deberi.
1345 2092 1424 2155 Vide
1454 2113 1537 2175 quae
1568 2093 1608 2155 de
1638 2094 1689 2154 his

343 2196 410 2259 dixi
433 2217 465 2277 p.
483 2198 501 2257 6
519 2215 567 2276 sq.
644 2235 647 2247 .

429 2301 538 2361 Forma
562 2317 618 2360 sua
634 2296 812 2362 asculanae
833 2297 964 2380 glandes
979 2299 1133 2362 differunt
1155 2299 1329 2379 aGraeeis,
1355 2296 1532 2360 minoribus
1547 2300 1689 2380 plerum-

344 2421 407 2482 que
437 2413 469 2464 et
498 2402 747 2482 elegantioribus
777 2410 809 2464 et
831 2402 914 2464 bene
936 2403 1124 2465 acuminatis
1133 2403 1168 2484 ¹),
1203 2422 1221 2464 a
1249 2403 1369 2482 quibus
1399 2403 1542 2482 proxime
1571 2401 1690 2464 absunt

344 2505 465 2567 Pisonis
488 2503 622 2584 glandes
643 2503 779 2584 Siculae,
806 2506 900 2585 paulo
923 2506 1048 2586 longius
1067 2505 1289 2568 Perusinorum
1312 2504 1479 2586 quaedam,
1506 2523 1690 2567 cassantur

347 2606 389 2689 (n.
409 2607 460 2690 63)
487 2616 520 2670 64
541 2627 705 2670 avrvsnur
732 2606 774 2689 (6.
793 2609 844 2687 68]
872 2609 1055 2690 inscriptae.
1086 2610 1151 2670 llae
1173 2605 1357 2690 amygdalae
1379 2607 1493 2670 nucleo
1509 2617 1564 2670 aut
1586 2608 1686 2686 oleae,

343 2710 519 2773 Asculacae
549 2712 663 2792 prunis
693 2709 759 2772 lere
781 2712 902 2773 similes
924 2721 1008 2790 sunt,
1040 2711 1246 2791 quamobrem
1270 2712 1364 2791 vulgo
1384 2729 1511 2794 prnpno
1533 2711 1689 2792 appellari

344 2815 445 2876 solent
472 2813 634 2894 (Gabrielli
651 2813 734 2876 nott.
752 2807 820 2876 dett
840 2815 916 2876 lost.
937 2813 1018 2874 4879
1037 2835 1067 2894 p.
1089 2814 1175 2896 494).
1216 2814 1366 2894 Reliquas
1388 2814 1558 2877 formarum
1582 2813 1689 2876 varie-

344 2925 435 2997 tates,
461 2936 540 2998 quas
563 2917 678 2979 multas
707 2917 790 2979 sicut
812 2915 948 2980 Graecae
971 2919 1013 2979 ita
1036 2919 1162 2979 Latinae
1191 2918 1323 2998 glandes
1346 2918 1512 2998 exhibent,
1546 2917 1689 2996 singulas

345 3019 376 3081 h.
410 3021 431 3081 l.
465 3019 645 3082 describere
679 3020 759 3081 nihil
793 3022 923 3100 attinet,
965 3022 1149 3100 praesertim
1180 3039 1251 3082 cum
1285 3021 1456 3083 multarum
1488 3020 1607 3102 figurae
1641 3030 1692 3081 ta-

344 3122 429 3184 bulis
451 3124 568 3184 nostris
598 3132 853 3203 repraesentatae
876 3124 949 3185 sint.
997 3122 1160 3203 Plerisque
1189 3123 1283 3186 binae
1305 3134 1381 3187 sunt
1404 3125 1579 3204 margines,
1605 3141 1689 3203 quae

345 3224 541 3306 respondent
563 3225 648 3288 binis
671 3223 841 3288 formarum
858 3225 1020 3306 partibus;
1048 3224 1206 3305 margines
1230 3224 1295 3289 lere
1318 3225 1435 3288 desunt
1459 3225 1509 3303 iis,
1535 3244 1626 3306 quae,
1653 3235 1690 3287 ut

344 3329 443 3408 oleae,
468 3327 660 3390 orbiculatae
684 3329 811 3390 suntin
835 3337 925 3409 parte
948 3328 1061 3390 media.
1106 3329 1280 3391 Nonnullae
1304 3330 1470 3411 quaternis
1493 3328 1691 3409 marginibus

344 3429 377 3492 in
402 3441 571 3511 quaternas
602 3448 693 3492 oreas
724 3431 808 3493 inter
836 3451 870 3492 se
901 3430 968 3493 iere
995 3429 1143 3510 aequales
1171 3430 1293 3492 divisae
1324 3442 1400 3493 sunt
1427 3429 1470 3510 (6.
1489 3432 1540 3493 lli.
1561 3432 1612 3493 63.
1632 3431 1686 3491 55.

344 3533 397 3595 68.
416 3533 468 3594 66.
488 3534 552 3595 oti
567 3535 618 3596 66.
637 3533 690 3596 76.
709 3535 762 3596 80.
781 3536 835 3596 82.
854 3535 906 3595 92.
926 3537 978 3595 iil.
998 3535 1050 3596 96.
1070 3533 1122 3596 97.
1143 3535 1215 3596 448.
1236 3534 1324 3614 tt8];
1351 3535 1448 3596 trium
1471 3554 1615 3597 arearum
1639 3544 1690 3596 est

344 3656 378 3698 n.
397 3637 437 3698 62
461 3655 497 3698 ac
520 3634 651 3699 fortasse
674 3647 750 3699 sunt
773 3637 812 3698 67
829 3639 929 3718 6469,
956 3645 1023 3700 6646
1046 3655 1189 3700 arearum
1213 3656 1246 3698 6.
1266 3638 1319 3697 94.
1367 3638 1546 3718 Singularis
1571 3636 1689 3698 lormae

345 3749 419 3803 sunt
441 3749 504 3801 tam
528 3758 559 3800 6.
579 3741 632 3802 22.
650 3741 702 3802 23.
722 3741 774 3820 39,
800 3761 885 3822 quae
908 3760 984 3804 sena
1007 3741 1153 3802 acumina
1176 3740 1310 3820 habent,
1342 3757 1437 3821 quam
1460 3759 1493 3802 6.
1512 3741 1543 3801 5.
1564 3741 1616 3801 48.
1634 3741 1686 3802 42.

344 3844 397 3904 83.
418 3843 477 3904 427
499 3840 620 3924 hiddi,
647 3860 781 3923 quarum
804 3843 937 3906 alterum
961 3844 1043 3906 latus
1065 3844 1195 3924 planum
1218 3853 1278 3922 est,
1304 3843 1387 3905 sicut
1402 3844 1435 3905 in
1450 3844 1556 3905 Sicula
1572 3845 1690 3907 Graece

345 3946 507 4026 inscripta,
534 3963 630 4024 quam
644 3943 823 4008 Antoninus
839 3947 963 4009 Salinas
985 3945 1085 4009 edidit
1100 3948 1133 4008 in
1149 3943 1265 4008 Annali
1278 3946 1346 4008 dell'
1362 3948 1439 4008 last.
1455 3945 1538 4006 4878
1551 3946 1616 4009 464).
1632 3947 1653 4006 F
1669 3947 1689 4006 8

345 4056 425 4129 etp.
443 4049 496 4126 33,
514 4057 571 4110 aut
592 4046 671 4110 adeo
697 4047 739 4130 [n.
761 4048 832 4130 427)
852 4049 937 4113 latus
952 4060 1135 4130 utrumque.
1150 4051 1330 4112 —Formas
1345 4047 1508 4130 glandium
1525 4049 1691 4129 aptissime

344 4151 541 4213 aveteribus
564 4151 713 4213 confictas
737 4171 806 4214 esse
830 4172 871 4214 ex
893 4154 961 4234 ipsa
984 4171 1089 4214 rerum
1113 4161 1225 4214 natura
1249 4151 1477 4215 demonstravit
1492 4149 1692 4214 Godoiredus

345 4257 479 4335 Semper
508 4274 537 4316 a.
565 4255 647 4316 4859
671 4254 782 4317 subtili
805 4257 967 4335 acumine;
1001 4255 1168 4319 decadem
1198 4275 1232 4318 re
1255 4275 1360 4337 nuper
1381 4256 1529 4337 exposuit
1550 4255 1692 4316 lleoatus

345 4358 491 4420 llerviler
506 4358 749 4439 Semperianum
765 4367 871 4420 tamen
893 4358 1036 4421 libellum
1052 4359 1202 4439 ignorans
1222 4357 1273 4440 (ci.
1293 4360 1326 4421 in
1349 4357 1456 4420 lodice
1471 4359 1660 4436 auctorum).

431 4460 556 4523 Pondus
571 4460 623 4522 vel
640 4479 806 4523 mensuras
820 4462 1051 4542 permultorum
1067 4463 1135 4524 suis
1159 4463 1234 4525 locis
1250 4461 1398 4525 adnotata
1414 4462 1568 4542 reperies.
1605 4460 1695 4522 Piso-

345 4566 459 4628 nianae
479 4564 522 4648 (n.
542 4565 569 4647 l)
597 4564 679 4626 sicut
698 4566 889 4626 Graecarum
912 4564 1085 4646 pleraeque
1108 4564 1223 4628 ceteris
1245 4545 1384 4628 minores
1406 4574 1483 4626 sunt
1504 4565 1587 4625 inter
1601 4563 1641 4623 at
1660 4575 1694 4625 et

346 4669 386 4730 to
403 4689 450 4750 gr.
469 4666 658 4750 pendentes.
676 4702 719 4712 -
734 4665 910 4730 asculanae
934 4668 1104 4748 GGXXXV,
1130 4687 1212 4749 quae
1228 4689 1245 4730 a
1261 4667 1355 4730 nobis
1377 4686 1459 4730 anno
1477 4666 1558 4727 4877
1582 4675 1694 4729 erutae

345 4780 429 4846 sunt,
462 4769 603 4852 pendent
627 4769 731 4832 44077
756 4790 804 4852 gr.
836 4770 931 4852 (unde
954 4771 1081 4854 pondus
1103 4771 1244 4833 medium
1267 4770 1405 4834 eflicitur
1428 4770 1519 4850 47,6
1541 4767 1618 4852 gr.);
1651 4769 1694 4830 iis

345 4883 548 4936 accesserunt
577 4872 660 4936 duae
687 4873 806 4936 moduli
839 4893 945 4937 ramm
977 4877 1010 4937 in
1033 4875 1161 4938 modum
1194 4877 1297 4957 magni
1321 4895 1384 4938 una
1409 4875 1469 4935 496
1493 4893 1554 4954 gr,
1593 4874 1693 4935 altera

348 4976 407 5037 475
424 4997 470 5058 gr.
496 4975 693 5057 pendentes,
724 4987 757 5038 et
778 4978 872 5040 tertia
896 4978 1028 5040 minima
1050 4979 1090 5042 26
1108 4998 1155 5060 gr.
1181 4978 1325 5060 pendens
1349 4978 1399 5061 (ol.
1424 4977 1690 5040 6644666166.

347 5079 429 5140 4877
452 5101 485 5162 p.
505 5077 592 5160 476).
617 5115 661 5124 -
683 5081 854 5143 Perusinae
885 5080 1017 5161 glandes
1045 5080 1168 5143 mediae
1199 5080 1264 5143 lere
1294 5090 1370 5143 sunt
1399 5082 1482 5142 inter
1509 5079 1631 5143 Siculas
1661 5090 1695 5140 et

417 5237 440 5298 t)
458 5189 776 5299 PlerisqneGreecarum
789 5233 875 5288 torma
888 5239 930 5287 est
943 5235 1020 5298 talis,
1033 5238 1065 5287 ut
1076 5237 1171 5299 sectio,
1183 5249 1254 5300 quae
1265 5235 1294 5286 lit
1305 5249 1356 5300 per
1367 5248 1445 5286 axem
1457 5236 1603 5294 minorem,
1617 5233 1696 5285 exhi-

348 5321 409 5372 beat
428 5321 523 5372 orbem
537 5320 578 5372 vel
598 5322 641 5371 ovi
660 5319 789 5384 figuram,
811 5323 838 5372 iu
857 5325 953 5389 paucis
970 5321 1078 5373 rhombi
1097 5326 1144 5374 aut
1156 5323 1282 5387 quadrati
1299 5321 1452 5385 orthogonii
1465 5320 1550 5384 ligura
1565 5319 1693 5374 efficitur.
