3776 5966
362 604 411 676 94
866 619 1025 670 osannae
1044 616 1203 673 6446466.

361 810 513 873 catalogum
537 821 710 859 nummorum
734 809 930 869 consularium,
966 822 999 860 ex
1022 823 1077 874 quo
1101 813 1139 860 tot
1163 808 1338 860 denariorum
1362 809 1552 873 inscriptiones
1576 810 1653 862 illum
1678 815 1708 862 in

361 894 474 958 glandes
495 895 662 958 (4466644664.
684 898 750 944 4876
769 907 797 958 6.
815 899 846 944 ‘iti
864 896 936 959 sqq.)
957 895 1127 946 transtulisse
1145 893 1318 945 manifestum
1336 897 1386 944 664.
1419 896 1449 945 16
1468 896 1582 960 reliquis
1600 897 1706 949 insunt:

362 979 435 1042 14466,
455 979 520 1030 6464.
540 980 659 1045 antiqq-t
685 979 805 1042 Coluccl,
822 979 948 1030 6644614446
960 980 1064 1040 Picena,
1087 963 1282 1043 66661666646ς
1299 979 1463 1042 Dosjardins,
1484 982 1708 1034 Desideratorum

361 1063 425 1117 iasc.
445 1069 469 1116 4.
510 1064 636 1116 Eundem
663 1065 906 1124 144646414666166,
933 1066 1052 1129 itemque
1076 1065 1188 1129 glandes
1213 1065 1358 1116 nonnullas
1377 1067 1465 1117 musei
1483 1067 1611 1118 Asculani
1628 1071 1706 1120 tran-

361 1152 502 1216 scripsisse
526 1151 647 1216 comperi
665 1152 821 1203 testimonio
847 1154 930 1202 certo.
954 1176 985 1187 -
1011 1150 1132 1216 Denique
1156 1150 1248 1201 Asculi
1269 1154 1300 1201 46
1318 1151 1391 1215 sept
1409 1155 1475 1201 4677
1495 1165 1529 1202 ex
1552 1167 1599 1204 ore
1619 1155 1706 1218 ipsius

360 1237 526 1287 Vincenzinii
549 1235 748 1288 contessionem
770 1236 879 1296 audivi,
907 1248 937 1287 se
965 1235 1075 1300 glandes
1100 1236 1281 1297 adulterasse,
1310 1239 1336 1288 et
1361 1236 1452 1288 666444
1478 1239 1589 1302 quidem
1613 1252 1706 1290 coram

361 1321 476 1373 testibus
494 1320 602 1372 duobus
619 1322 686 1372 viris
704 1322 895 1373 illustrissimis
914 1322 1063 1374 Asculanis.

429 1407 588 1459 Fabricandi
606 1406 718 1468 modus,
745 1421 799 1472 quo
823 1407 947 1459 falsarius
972 1420 1040 1459 usus
1060 1409 1120 1470 664,
1147 1408 1338 1459 huiuscemodi
1361 1411 1410 1460 est.
1457 1409 1571 1473 Lignum
1590 1410 1707 1463 durissi-

361 1506 434 1544 mum
456 1494 507 1556 (ex.
522 1507 561 1558 gr.
581 1493 647 1544 buri
658 1493 701 1544 vel
715 1493 798 1556 66464)
814 1494 841 1543 46
858 1493 927 1545 6666
939 1495 1029 1560 664466
1042 1495 1158 1556 6666464,
1177 1498 1292 1560 utraque
1305 1507 1369 1560 pars
1382 1496 1409 1544 46
1423 1494 1536 1546 46464664
1549 1496 1707 1548 dimidiatae

360 1591 410 1644 per
435 1573 630 1644 longitudinem
651 1579 756 1643 3166646
774 1579 903 1646 scalpello
921 1581 1069 1630 incisorum
1089 1583 1241 1642 excavatur,
1267 1580 1370 1631 litterae
1395 1579 1421 1630 46
1440 1593 1569 1632 66464664
1591 1585 1709 1646 6446666

361 1667 408 1714 664
425 1664 510 1715 altero
528 1667 590 1715 utro
615 1664 782 1727 inciduntur,
806 1665 882 1730 31666
904 1665 1014 1729 6644666
1033 1677 1087 1715 666
1107 1665 1236 1730 inscripta
1256 1669 1282 1715 16
1301 1665 1369 1716 6666
1387 1679 1453 1718 6646
1472 1667 1601 1719 inseritur
1619 1670 1646 1719 et
1664 1671 1711 1720 in-

361 1749 479 1802 cuditnr.
517 1750 619 1814 1466436
637 1750 789 1802 6661464466
807 1750 951 1815 glandibus
969 1753 1031 1815 post-
1049 1752 1189 1802 cusionem
1203 1751 1260 1801 sive
1276 1750 1381 1816 liquore
1398 1753 1477 1803 acido
1491 1753 1548 1803 sive
1560 1753 1613 1804 alio
1627 1754 1708 1806 modo

361 1834 439 1887 tacite
451 1838 539 1900 potest
556 1836 633 1896 addi;
654 1837 701 1887 sed
717 1837 878 1903 plerumque
897 1836 1022 1888 laisarius
1035 1850 1088 1888 non
1102 1837 1210 1888 videtur
1220 1835 1366 1898 addidisse,
1388 1839 1449 1902 quia
1461 1841 1586 1902 genuinis
1598 1854 1709 1906 quoque

361 1921 504 1986 glandibus
521 1923 665 1974 Asculanis
682 1936 736 1974 non
755 1924 872 1975 multum
894 1922 1023 1988 robiginis
1042 1925 1176 1974 46664664
1194 1925 1249 1973 4646
1268 1923 1349 1987 6646,
1375 1927 1406 1974 64
1429 1923 1555 1975 6666666
1580 1938 1632 1975 666
1657 1925 1709 1978 ed-

362 2007 474 2059 modum
492 2006 623 2059 laedatur.

430 2094 512 2144 Plane
532 2107 602 2145 6646
624 2096 763 2160 praeterea
781 2108 825 2146 res
843 2094 986 2146 observata
1005 2097 1047 2146 est
1064 2095 1091 2144 in
1110 2093 1153 2145 bis
1171 2094 1317 2159 glandibus
1341 2107 1405 2145 cum
1423 2096 1450 2145 46
1470 2096 1626 2160 6643446646
1649 2099 1708 2147 4664

362 2180 388 2229 46
413 2180 500 2244 644646
519 2181 689 2232 Fenerdentil
712 2181 796 2240 serie,
820 2180 880 2231 dico
904 2179 1070 2246 exemplaria
1091 2179 1266 2246 palimpsesto
1289 2181 1369 2244 (sicut
1386 2182 1494 2231 4666444
1511 2181 1705 2246 Desjardinius)

361 2267 412 2316 i.e.
427 2265 539 2329 glandes
550 2266 592 2318 bis
604 2267 740 2332 pluriesve
758 2268 875 2317 4666666.
902 2266 939 2315 46
950 2266 1138 2329 Desjardinius
1153 2266 1263 2332 quidem
1276 2267 1349 2331 quod
1368 2266 1435 2316 baec
1452 2267 1558 2332 primus
1576 2268 1711 2320 detexerit

361 2355 390 2400 64
401 2351 429 2400 46
441 2352 606 2403 Desideratis
619 2353 677 2404 suis
695 2351 813 2402 ediderit
830 2357 861 2402 ut
878 2350 930 2401 sibi
944 2351 1041 2402 honori
1053 2353 1090 2402 ita
1103 2353 1281 2412 Mommseno,
1302 2352 1376 2417 qued
1388 2354 1415 2403 in
1429 2353 1547 2418 Corpore
1566 2356 1709 2418 inscripti·

360 2449 444 2486 onum
463 2437 694 2500 desiderarentur,
714 2439 781 2488 vitio
793 2437 902 2488 videtur
915 2439 1038 2489 vertisse.
1061 2439 1205 2502 Suspectus
1225 2451 1285 2488 esse
1300 2438 1436 2489 eiusmodi
1450 2438 1561 2502 glandes
1581 2452 1707 2505 6664636

283 2591 286 2598 Ι
364 2524 531 2586 [4466644664.
547 2528 614 2574 4876
626 2537 654 2589 p.
668 2525 708 2586 66)
732 2527 789 2575 4664
802 2524 987 2575 Mommsenus
1008 2523 1067 2586 (1.1.
1084 2527 1149 2574 4876
1162 2537 1190 2589 p.
1203 2525 1262 2586 478)
1283 2527 1357 2574 46646
1375 2522 1610 2586 indicaveramus,
1631 2537 1705 2586 nam,

361 2615 392 2661 ut
410 2623 440 2660 re
458 2610 603 2674 diligenter
614 2612 766 2662 examinata
779 2611 805 2660 in
825 2610 893 2660 144444.
909 2601 967 2661 detl‘
980 2609 1043 2661 4644.
1060 2612 1124 2659 4677
1139 2623 1165 2674 p.
1182 2612 1230 2658 476
1245 2611 1312 2660 extr.
1327 2609 1550 2660 cumGahriellio
1562 2608 1706 2670 affirmari,

362 2695 390 2745 in
403 2694 549 2760 glandibus
567 2709 621 2746 non
633 2695 793 2747 adulteratis
806 2696 999 2760 inscriptiones
1011 2694 1101 2745 nullae
1118 2698 1268 2746 cernuntur
1281 2696 1392 2746 4666666
1406 2694 1545 2759 multoque
1559 2696 1650 2746 minus
1663 2707 1710 2744 46-

361 2781 505 2846 664166464
523 2781 636 2845 glandes
654 2782 803 2846 antiquitus
825 2782 968 2846 repetitam
987 2781 1129 2830 ousionem
1147 2792 1253 2845 passae.
1291 2780 1344 2831 Sed
1363 2793 1436 2832 nnnc
1448 2782 1580 2845 originem
1599 2793 1710 2845 queque

362 2865 471 2916 illorum
484 2866 680 2932 exemplarium
693 2867 828 2932 explicare
841 2879 962 2933 possum.
994 2866 1188 2917 Vincenzinius
1199 2867 1272 2916 enim
1291 2867 1313 2916 si
1331 2867 1411 2917 66466
1423 2865 1530 2930 3166646
1549 2868 1625 2917 66646
1637 2865 1708 2916 male

360 2953 548 3016 processisset,
568 2964 622 3001 non
640 2951 739 3004 6646644
757 2951 897 3015 glandem,
921 2964 956 3001 66
974 2951 1033 3001 eius
1051 2953 1170 3015 pretium
1189 2951 1252 3002 14664
1268 2950 1322 3001 4416
1343 2953 1364 3014 (4
1387 2952 1434 3001 664
1451 2950 1585 3002 46614666
1606 2965 1706 3002 aeneos

361 3037 482 3100 italicos)
497 3037 636 3102 perderet,
657 3039 782 3089 6666446
800 3038 828 3088 46
841 3037 937 3088 666664
947 3037 965 3099 4)
980 3037 1038 3088 siva
1049 3037 1078 3086 46
1096 3035 1173 3100 alisi)
1193 3035 1281 3087 torma
1300 3037 1390 3088 denuo
1401 3027 1546 3100 'excuditit
1579 3037 1710 3103 Pleraque

361 3136 467 3184 eorum,
487 3125 588 3190 quippe
607 3123 678 3175 64616
690 3137 870 3185 excusorum,
891 3125 1009 3174 incertae
1028 3121 1107 3188 plane
1126 3123 1251 3174 lectionis
1269 3126 1345 3173 snut:
1367 3123 1435 3173 6666
1454 3123 1535 3186 434464
1553 3125 1645 3188 emisi,
1666 3138 1708 3186 ea,

362 3224 432 3276 quae
443 3211 544 3262 clarius
562 3211 615 3274 legi
627 3213 757 3275 possunt,
771 3222 827 3260 non
839 3210 949 3260 distinxi
966 3223 983 3259 e
1000 3209 1113 3271 ceteris,
1133 3221 1195 3258 nam
1216 3221 1290 3258 nunc
1302 3209 1408 3273 origine
1426 3221 1522 3259 eorum
1535 3208 1668 3274 patetaota
1682 3211 1711 3262 id

362 3295 465 3347 nullius
483 3296 563 3360 plane
580 3293 649 3346 toret
666 3309 742 3348 usus.
753 3322 785 3333 -
800 3295 932 3359 Bergkius
949 3295 1022 3346 luter
1038 3307 1102 3346 6666
1119 3293 1232 3357 glandes
1244 3294 1380 3344 detexisse
1399 3293 1451 3344 6464
1464 3295 1540 3346 44666
1559 3297 1601 3346 664
1614 3309 1709 3346 exem-

361 3382 448 3447 plaria
466 3396 499 3432 ex
517 3381 589 3432 binis
607 3381 730 3432 frustulis
748 3380 979 3432 conterruminata
1001 3373 1312 3443 (aurammaopaidttet’i.
1350 3379 1415 3430 Mihi
1428 3381 1564 3444 quaedam
1583 3381 1708 3434 cudendo

361 3468 452 3532 potins
474 3467 602 3518 44666464
626 3468 789 3518 6664666466
813 3479 883 3518 6666.
933 3463 971 3518 Ci.
994 3479 1064 3529 quae
1089 3466 1254 3516 Garruccins
1276 3465 1304 3514 in
1336 3479 1362 3515 6.
1383 3463 1443 3527 w,
1463 3468 1511 3514 4-8
1542 3466 1706 3529 6666446444,

362 3566 433 3618 quse
451 3557 543 3603 tamen
561 3553 746 3616 3166666666
765 3557 829 3604 sunt
846 3552 927 3603 huius
946 3551 1075 3603 falsarum
1095 3552 1212 3614 3666446.

431 3639 534 3690 1664646
552 3641 670 3701 externa,
691 3637 793 3704 quibus
811 3640 863 3690 hoc
881 3639 1036 3704 spuriarum
1054 3650 1140 3701 36666
1157 3636 1293 3702 64664464,
1313 3650 1376 3688 oum
1395 3639 1448 3688 elia
1466 3641 1531 3688 sunt
1548 3639 1605 3688 tum
1624 3638 1708 3689 baec:

362 3723 466 3775 litterae
493 3726 606 3775 cusione
633 3723 720 3776 iactae
747 3725 920 3788 6446643466
945 3725 1028 3788 (quae
1052 3736 1133 3787 saepe
1161 3725 1202 3773 est
1225 3725 1316 3773 646646
1341 3723 1502 3785 6644664646)
1528 3725 1708 3788 6664666466)

362 3809 502 3860 hastarum
521 3810 658 3874 margines
677 3814 790 3872 acutae;
811 3809 893 3862 orbes
912 3809 1075 3873 lunulaeque
1094 3809 1246 3859 litterarum
1265 3809 1295 3870 0,
1310 3808 1374 3871 B,C
1399 3809 1434 3859 al.
1449 3807 1584 3872 angulatis
1603 3808 1711 3858 lineolis

362 3896 532 3956 constantes;
557 3895 677 3960 donique
701 3897 893 3960 inscriptiones
912 3907 1025 3945 6466666
1042 3895 1070 3943 46
1089 3893 1233 3957 glandibus
1251 3894 1372 3956 integris,
1392 3892 1519 3944 videlicet
1536 3894 1600 3943 inde
1619 3895 1708 3957 natae,

363 3979 436 4045 quod
455 3980 531 4044 glans
548 3981 660 4044 antiqua
673 3994 690 4030 e
702 3979 811 4032 falsario
830 3982 926 4031 466666
942 3981 971 4030 46
986 3979 1101 4030 iormam
1118 3978 1233 4040 ligneam
1248 3992 1345 4045 parum
1364 3978 1519 4042 quadravit;
1540 3980 1567 4028 in
1585 3981 1712 4043 genuinis

364 4065 588 4129 inscriptionibus
606 4065 633 4116 id
646 4064 705 4118 41644
724 4079 780 4116 666
798 4067 888 4130 664644
900 4068 1056 4130 646646466,
1072 4063 1144 4128 quod
1158 4077 1205 4114 eae
1219 4065 1255 4115 iia
1271 4062 1356 4115 466466
1374 4065 1451 4126 sunt,
1470 4066 1501 4114 64
1520 4063 1663 4128 plumbum
1682 4067 1710 4116 ln

363 4149 478 4201 termam
510 4151 668 4216 inscriptam
695 4150 897 4212 inmoderatum
927 4149 963 4201 ci.
988 4150 1071 4216 praei.
1092 4148 1143 4214 44,
1169 4147 1217 4199 664
1236 4150 1270 4200 66
1294 4151 1406 4218 antiqno
1430 4149 1541 4214 glandes
1559 4149 1712 4201 fabricandi

363 4236 445 4287 modo
463 4238 585 4300 exposui.
617 4237 724 4288 ibidem
742 4236 816 4288 aliud
835 4250 945 4306 quoque
968 4236 1115 4296 indicium,
1143 4235 1217 4300 quod
1243 4235 1412 4288 6646464664
1431 4235 1570 4299 glandium
1589 4240 1616 4287 64
1634 4249 1711 4286 men·

363 4333 456 4373 suram
468 4322 678 4386 inscriptionum
695 4323 821 4389 pertinet,
842 4322 1003 4374 memoravi.
1041 4322 1076 4371 114
1093 4321 1122 4370 46
1140 4320 1264 4384 46643466
1282 4323 1424 4372 cusionem
1442 4321 1566 4386 detegas,
1586 4321 1711 4386 inprimis

363 4409 501 4459 examines
520 4408 668 4470 66646664,
695 4410 718 4459 64
743 4409 840 4460 44446446
861 4421 945 4459 46666
964 4409 1015 4469 664,
1035 4419 1160 4456 64646664
1182 4411 1299 4471 6644646,
1327 4408 1353 4456 16
1372 4406 1560 4470 quibusdum
1579 4406 1712 4470 robiginis

363 4496 453 4544 crusta
471 4493 589 4545 dissilire
608 4493 685 4545 solet.
722 4495 751 4544 16
770 4495 866 4560 paucis
883 4492 1027 4557 glandibus
1048 4490 1174 4543 laisarius
1198 4494 1253 4542 tam
1276 4494 1354 4542 caute
1378 4504 1436 4544 rem
1455 4493 1521 4556 agit,
1549 4494 1591 4552 64,
1618 4495 1711 4543 644664

363 4579 489 4631 6666666
502 4580 571 4630 16646
589 4581 623 4631 sit
641 4581 783 4645 inscriptio
800 4593 898 4643 66666,
919 4593 953 4630 66
971 4579 1125 4630 exercitatis
1142 4577 1253 4642 quidem
1272 4577 1359 4628 oculis
1377 4578 1497 4629 discerni
1514 4579 1606 4643 queat.

433 4837 456 4898 t)
475 4837 524 4889 Ex.
543 4851 582 4902 gr.
604 4836 694 4900 64458
713 4840 741 4888 64
759 4841 802 4890 lt.

433 4925 457 4985 4)
473 4923 522 4974 Ex.
537 4937 577 4988 gr.
590 4920 648 4983 w,
662 4928 691 4973 47
711 4935 749 4976 At>
761 4924 884 4989 6664166.
899 4924 948 4975 1411
960 4921 965 4990 t
977 4933 1088 4978 scaeua
1107 4929 1134 4977 at
1147 4927 1172 4976 46
1184 4940 1211 4977 6.
1222 4927 1279 4989 644,
1290 4931 1321 4978 ss
1333 4929 1351 4978 C
1364 4931 1390 4975 44
1405 4930 1466 4978 6646
1479 4927 1627 4978 68466666
1637 4929 1710 4978 6664.

433 5007 458 5067 8)
477 5008 606 5071 1464344466
624 5022 687 5059 6664
706 5010 733 5059 46
753 5009 809 5059 6646
827 5021 937 5074 quoquo
962 5008 1106 5072 glandibus
1130 5011 1296 5076 exemplaria
1314 5013 1418 5079 plurios
1437 5014 1532 5063 166666
1551 5013 1708 5075 4646646664,

364 5089 418 5141 666
436 5092 525 5156 ipsum
545 5093 709 5144 sinceritatis
728 5097 833 5145 certum
852 5094 985 5144 indicium
1009 5107 1069 5146 esse
1094 5099 1214 5160 censuit,
1239 5099 1330 5163 itaquo
1355 5100 1382 5148 in
1406 5111 1468 5148 ann.
1484 5097 1568 5148 liben.
1586 5103 1617 5147 55
1635 5112 1662 5163 p.
1678 5099 1706 5146 74

363 5175 445 5226 dixit:
467 5180 501 5241 jo
519 5179 581 5228 66644
598 5180 640 5229 646
654 5179 860 5243 tlmstempetoap
877 5183 911 5230 iat
923 5181 964 5231 4446
977 5181 1045 5232 66444
1057 5183 1217 5247 6646466614
1233 5185 1303 5235 44464
1314 5184 1534 5247 aaeereuctttpea
1551 5183 1710 5246 llraproaps.

363 5259 433 5320 Quid
458 5263 531 5328 quod
556 5266 638 5315 644664
663 5267 690 5316 46
715 5265 798 5317 66.11
817 5264 1069 5330 (Sollertdergesot.)
1087 5281 1113 5332 p.
1129 5273 1177 5319 464
1203 5269 1300 5320 eadem
1323 5270 1462 5333 repetivit,
1489 5270 1552 5319 14664
1577 5283 1592 5319 6
1615 5281 1659 5318 646
1685 5269 1713 5316 46

365 5359 464 5399 comm.
479 5350 638 5404 64466666.
654 5353 720 5401 4676
740 5364 766 5415 p.
783 5354 815 5399 76
834 5353 861 5401 64
880 5354 911 5400 86
931 5352 965 5402 66
985 5353 1056 5404 46616
1074 5367 1168 5405 eorum
1187 5353 1240 5404 flde
1258 5355 1379 5405 46664466
1397 5359 1478 5406 66664.
