3702 5962
371 587 492 637 XXVIII
945 575 1146 626 Pnausarto.

470 748 620 812 Perusiae
643 750 696 812 44.
721 748 774 809 56.
800 747 835 808 et
857 773 899 802 =
914 766 948 808 n.
966 746 1019 809 74.
1044 748 1098 824 86,
1113 769 1137 811 0.
1164 748 1216 825 63,
1230 767 1259 825 4;
1285 747 1418 829 originis
1440 747 1581 810 incertae
1603 757 1653 812 est
1675 751 1716 812 83

471 873 558 916 =n.
578 853 650 931 444,
668 870 693 913 0.
718 850 878 931 -Origo
901 858 974 912 0040
996 858 1046 913 004
1068 849 1205 913 Graecae
1228 849 1314 913 illius
1335 859 1368 912 et
1391 867 1424 910 0.
1444 849 1505 910 446
1528 851 1717 914 440000400οἰ

471 962 615 1036 repertae
630 953 689 1017 sed
703 955 909 1036 inscriptione
932 953 1070 1016 carentis
1090 952 1175 1035 (vide
1190 951 1230 1016 ad
1245 971 1279 1015 n.
1296 955 1328 1030 6,
1342 951 1399 1034 44);
1425 961 1604 1015 ceterarum
1620 955 1719 1036 igitur

471 1056 618 1120 concludi
641 1066 764 1122 tantum
786 1064 893 1137 potest
921 1075 961 1118 ex
983 1053 1247 1137 inscriptionibus
1270 1055 1401 1119 aliunde
1422 1057 1486 1118 iam
1508 1056 1602 1118 notis.
1643 1057 1718 1119 Sin-

471 1161 565 1242 gulae
588 1159 722 1242 glandes
744 1178 807 1241 quo
830 1169 972 1241 tempore
994 1160 1029 1222 in
1051 1177 1197 1222 museum
1211 1159 1368 1238 venerint,
1394 1176 1544 1240 quaeque
1566 1159 1629 1221 iam
1642 1169 1717 1223 ante

474 1263 654 1326 institutam
669 1262 790 1326 falsarii
805 1259 954 1325 Asculani
977 1261 1135 1324 cilicinam
1164 1259 1396 1340 incoluerint,
1421 1263 1565 1325 nescitur
1586 1271 1719 1344 excepto

472 1385 537 1429 uno
561 1366 753 1446 exemplari3
786 1383 860 1428 nam
881 1383 990 1428 omnes
1012 1363 1146 1446 glandes
1173 1383 1260 1428 nunc
1282 1361 1423 1446 digestae
1445 1373 1521 1429 sunt
1541 1365 1717 1429 seeundum

475 1468 622 1550 Corporis
644 1469 735 1530 voli
758 1467 901 1531 ordinem
925 1477 957 1530 04
978 1469 1014 1530 40
1035 1487 1101 1531 000
1123 1467 1189 1530 0040
1212 1468 1253 1529 68
1268 1493 1312 1522 =
1326 1486 1359 1530 n.
1378 1469 1408 1548 6,
1422 1487 1451 1530 44
1473 1467 1624 1531 schedula
1647 1487 1719 1531 cum

474 1590 608 1634 numam
630 1571 809 1653 antiquiore
836 1570 962 1653 (44437)
989 1579 1112 1634 servata
1135 1578 1201 1650 004,
1232 1589 1298 1651 quo
1319 1569 1436 1634 ductus
1457 1572 1585 1653 repperi
1608 1571 1641 1632 in
1664 1572 1720 1634 10-

472 1675 613 1738 00040440
637 1673 780 1756 90004044
803 1673 886 1736 dallo
910 1673 1079 1736 0044004000
1108 1672 1154 1735 de’
1177 1674 1297 1735 Broosi
1321 1674 1447 1754 4444444444,
1484 1681 1656 1738 monento
1677 1675 1723 1758 944

473 1778 582 1861 0990444
602 1777 737 1840 immersi
756 1776 840 1840 440440
860 1776 1029 1840 6044004000
1049 1775 1215 1840 medcsimo
1236 1777 1313 1858 dopo
1335 1777 1358 1839 44
1380 1777 1421 1839 47
1439 1777 1573 1857 Geooojo
1589 1779 1677 1842 4858
1699 1798 1718 1840 c

475 1887 548 1943 40440
570 1881 594 1943 44
616 1879 649 1942 444
671 1880 710 1942 sl
731 1879 835 1962 Lugiso
859 1882 943 1942 4854
965 1879 1056 1940 haec:
1092 1877 1209 1941 44437.
1235 1879 1340 1942 44438
1360 1877 1413 1962 (τ-
1426 1882 1551 1942 numeri
1569 1879 1619 1943 del
1647 1882 1722 1943 Var-

472 1982 541 2046 6040
555 1983 652 2045 8604.
670 1980 785 2063 8666);
810 1984 875 2044 Due
897 1981 1008 2064 40443440
1021 1981 1153 2064 pilando
1174 1981 1209 2044 444
1227 1981 1344 2064 04044460
1358 2001 1415 2045 ooo
1436 1983 1550 2046 lettera
1597 1983 1722 2067 44444940

476 2088 518 2149 48
540 2087 705 2149 centesimi.
751 2086 790 2149 N.
817 2084 1074 2147 44439-44447
1105 2083 1421 2167 (=2006-204tl:
1454 2086 1537 2148 Nove
1564 2085 1645 2150 altre
1666 2087 1721 2169 pisi

469 2190 579 2271 piciole
607 2207 623 2252 0
651 2207 748 2252 senso
778 2189 891 2251 lettere.
943 2190 1052 2271 Iuopc
1081 2189 1227 2253 0404044440
1255 2189 1309 2250 ua’
1338 2189 1437 2252 044040.
1488 2189 1658 2252 8400041400
1688 2191 1720 2252 40

475 2290 621 2373 Gatalogo
648 2311 678 2354 a.
706 2292 788 2353 4869
811 2310 844 2372 p.
865 2291 898 2351 44
928 2299 1073 2370 40040400,
1116 2310 1262 2354 museum
1294 2290 1428 2372 glandes
1450 2290 1491 2354 ab
1521 2293 1600 2355 isaia
1623 2292 1721 2354 804044

477 2393 529 2476 (86
552 2396 622 2458 004.
650 2394 742 2470 4866)
769 2393 977 2474 acquisivisse
1002 2403 1033 2456 et
1055 2394 1097 2456 ab
1118 2391 1261 2474 Augusto
1282 2393 1397 2474 Vecohj
1429 2394 1480 2476 (86
1504 2395 1594 2476 Sept.
1622 2394 1718 2477 4868)

473 2495 555 2558 dono
578 2498 757 2578 accepisse,
794 2495 852 2559 0044
873 2515 956 2578 quae
980 2497 1052 2559 illae
1075 2495 1198 2560 4000404
1219 2494 1407 2560 distinctum
1429 2515 1493 2559 000
1515 2505 1582 2574 004;

517 2599 548 2683 8)
582 2598 716 2680 glandes
745 2601 811 2663 XVI
843 2598 922 2681 (Cat.
949 2599 1061 2660 4-46
1082 2625 1124 2654 =
1147 2597 1385 2683 4749-4734)
1418 2599 1492 2661 olim
1522 2600 1719 2681 Santangeli,

474 2703 566 2766 cuius
590 2721 748 2783 museum,
774 2701 861 2784 quod
884 2704 945 2765 iam
969 2701 1010 2764 ab
1031 2702 1226 2766 Romanellio
1248 2701 1413 2766 laudatum
1440 2701 1562 2783 (Nepoti
1582 2703 1689 2766 0444400
1708 2721 1724 2765 0

473 2806 631 2887 medanto,
658 2807 709 2886 lll,
737 2807 832 2885 4846,
859 2825 892 2887 p.
912 2804 977 2888 94),
1006 2803 1130 2885 3403.
1157 2805 1239 2867 4866
1270 2823 1287 2867 0
1315 2805 1488 2886 municipio
1515 2805 1723 2887 Neapolitano

473 2918 615 2989 emptum
638 2917 671 2971 at
699 2910 732 2970 in
755 2927 864 2971 museo
893 2927 1037 2972 seorsum
1061 2909 1236 2990 repositum
1258 2917 1307 2970 004
1333 2905 1480 2992 (84000444,
1511 2908 1602 2971 catal.
1627 2927 1726 2971 num-

475 3029 598 3074 morum
629 3011 740 3074 Gracc.
773 3011 957 3092 Santangeli
990 3012 1090 3093 4866,
1124 3013 1157 3073 40
1190 3010 1312 3092 prael.;
1347 3009 1516 3092 lligliorri,
1549 3010 1646 3094 paida
1678 3012 1728 3075 4404
1839 3029 1840 3056 ³

473 3131 575 3176 4044000
603 3114 780 3177 4400400040.
811 3115 892 3195 Nep.
926 3111 1008 3175 4876
1039 3134 1073 3196 p.
1094 3113 1183 3194 367).
1241 3113 1359 3176 Omnes
1386 3121 1461 3176 sunt
1489 3113 1647 3193 genuinae
1679 3123 1722 3192 04,

473 3227 633 3299 quatenus
654 3215 784 3280 aliunde
805 3214 953 3282 concludi
975 3217 1050 3280 licet
1069 3216 1154 3300 (nam
1168 3225 1238 3278 0040
1259 3213 1301 3277 440
1323 3233 1434 3278 earum
1449 3214 1571 3295 origine
1585 3233 1649 3277 non
1667 3235 1726 3278 ex-

473 3317 581 3402 04004),
599 3317 790 3382 4040040000.
828 3319 947 3401 Ilobigo
973 3317 1018 3402 (in
1043 3322 1060 3382 4
1086 3319 1255 3401 subnigra,
1282 3320 1316 3381 in
1341 3319 1380 3379 46
1403 3320 1566 3380 cineracea
1588 3329 1620 3381 et
1641 3317 1726 3383 flava

476 3423 515 3483 46
531 3421 612 3485 ssave
636 3430 669 3485 et
692 3421 890 3504 4000034000,
925 3422 958 3484 40
981 3423 1116 3504 reliquis
1138 3421 1229 3504 flava)
1256 3423 1289 3483 in
1310 3431 1395 3484 terra
1421 3440 1485 3484 non
1509 3423 1542 3483 in
1565 3440 1649 3503 aqua
1674 3441 1727 3484 re-

474 3535 583 3607 pertas
605 3543 675 3588 esse
698 3527 814 3607 arguit.
861 3525 1103 3607 inscriptionem
1126 3524 1278 3587 exhibent
1302 3523 1331 3585 4.
1350 3525 1380 3586 8.
1399 3523 1431 3585 3.
1450 3524 1467 3584 4
1488 3521 1542 3604 [=
1556 3523 1643 3605 apud
1666 3544 1727 3588 nos

474 3646 507 3690 0.
526 3626 579 3690 37.
613 3629 663 3705 83,
680 3649 705 3691 4.
738 3627 793 3706 87,
810 3650 834 3692 0.
870 3627 921 3706 47,
939 3627 963 3710 a]
999 3629 1124 3710 4004300
1147 3627 1216 3690 6.6
1252 3625 1334 3709 (eum
1365 3627 1541 3689 littaramm
1564 3629 1724 3710 vestigiis)

475 3729 865 3812 7.s[=38,1s.u.1o,
899 3730 952 3811 46,
972 3729 1016 3812 1];
1051 3731 1091 3794 iis
1113 3739 1222 3794 carent
1244 3730 1263 3790 8
1287 3728 1444 3812 (pendens
1467 3731 1551 3810 66,4
1574 3730 1651 3811 30).
1686 3733 1725 3794 46

478 3831 541 3915 (68,
556 3855 570 3896 4
585 3831 663 3915 gr.).
690 3834 724 3895 44
755 3832 819 3916 (67,
836 3853 867 3910 4;
894 3853 967 3898 cum
982 3832 1127 3915 vestigiis
1141 3834 1281 3911 incertis,
1295 3832 1375 3895 uide
1389 3831 1431 3895 ad
1446 3839 1586 3895 nostram
1602 3851 1634 3899 n.
1655 3834 1725 3916 48).

476 3936 515 3999 48
536 3935 599 4018 (55,
618 3958 649 4016 4,
674 3934 748 3998 fort.
773 3956 846 4000 eum
868 3937 992 4000 44440000
1014 3935 1174 4019 vestigio),
1202 3937 1240 3997 43
1270 3935 1322 4018 (37
1341 3934 1418 4019 30),
1446 3936 1484 3998 44
1514 3935 1565 4017 (38
1581 3935 1657 4017 gn),
1686 3936 1725 3997 46

481 4037 530 4120 (33
548 4038 624 4121 30),
653 4039 692 4099 46
712 4037 763 4121 (89
780 4040 846 4121 30);
889 4040 929 4102 48
953 4048 985 4101 04
1010 4039 1048 4100 45
1073 4038 1206 4101 formam
1234 4037 1419 4102 dimidiatae
1443 4037 1568 4120 glandis
1591 4039 1724 4102 habent.

475 4175 518 4188 -
533 4142 755 4222 plerarumque
779 4151 891 4224 ectypa
906 4158 1025 4224 gypsea
1049 4141 1173 4204 liberali
1189 4141 1261 4205 Iulii
1278 4140 1318 4204 de
1334 4142 1425 4204 Petra
1447 4141 1540 4203 amici
1563 4143 1728 4222 permissu

474 4242 618 4308 iacienda
640 4243 762 4309 curavi.

517 4347 564 4410 De
580 4347 753 4430 glandibus
766 4367 786 4412 a
801 4346 971 4430 Conceptio
988 4348 1070 4412 Rosa
1086 4347 1321 4431 Corropolitano
1344 4347 1496 4426 collectis,
1521 4365 1604 4429 quae
1623 4365 1731 4431 nuper

475 4449 509 4512 in
531 4451 590 4513 hoe
612 4469 758 4513 museum
780 4459 951 4530 venerunt,
976 4449 1050 4513 vide
1072 4470 1105 4512 0.
1124 4451 1184 4512 89*
1206 4460 1239 4512 04
1259 4447 1416 4513 dddcnda
1438 4470 1471 4531 p.
1493 4449 1566 4512 443.

417 4553 445 4637 ὁ)
475 4553 616 4636 Ilaphael
638 4555 760 4617 Barone
782 4555 993 4635 antiquarius.
1039 4552 1175 4616 Viden.
1201 4553 1272 4617 95⁴⁵.

422 4656 447 4740 0)
481 4656 632 4721 dllredus
656 4657 878 4738 Bourguignon
908 4655 1051 4739 possidet
1079 4665 1229 4738 quattuor
1258 4655 1391 4737 glandes
1414 4655 1555 4728 Latinas,
1590 4671 1674 4735 quas
1698 4674 1730 4718 a.

476 4760 558 4824 4888
590 4763 676 4842 ipsas
707 4758 951 4840 Heidelbergam
984 4759 1061 4821 mihi
1092 4759 1278 4823 transmisit.
1335 4757 1414 4821 Vide
1444 4778 1477 4820 n.
1505 4758 1534 4840 4,
1553 4775 1599 4834 ss;
1628 4757 1657 4838 6,
1680 4778 1727 4836 40;

475 4861 662 4942 8⁴*,1s.1e.

418 4962 449 5047 d)
475 4965 643 5028 Ianuarius
664 4965 780 5028 lliceio.
827 4965 906 5028 Vide
929 4985 963 5028 n.
983 4966 1012 5046 4,
1031 4985 1071 5028 ar.

419 5065 445 5150 0)
475 5066 551 5130 baro
573 5066 749 5130 4404440040.
796 5066 877 5132 Vide
900 5067 942 5143 ad
964 5087 997 5131 n.
1015 5069 1068 5132 88.

415 5167 448 5254 s)
482 5170 659 5252 negotiator
681 5170 811 5252 quidam
836 5171 1050 5253 antiquarius.
1095 5170 1229 5233 Viden.
1257 5169 1325 5250 87*,
1344 5191 1369 5233 4.

379 5290 621 5354 catamare.
667 5293 809 5354 44000040
834 5292 1038 5374 municipale.
1085 5289 1163 5354 Vide
1187 5291 1323 5371 0.54,4
1346 5299 1378 5353 04
1400 5290 1628 5369 06834400.
