3800 5986
375 557 447 628 142
875 569 1034 620 44444444
1051 569 1207 622 44444444.

385 759 530 810 roborali
599 755 649 810 ol*
850 759 991 810 Feourd.ll
1061 755 1112 810 el*
1314 759 1425 810 Fertord.
1435 759 1460 808 11
1529 753 1580 809 64*

488 847 537 894 666
552 866 582 888 Ξ
597 848 645 894 667
952 847 1001 893 660
1015 863 1046 886 Ξ
1061 846 1109 894 666
1416 846 1465 893 666
1479 863 1512 886 Ξ
1526 845 1573 894 667

487 916 538 963 666
552 933 583 957 Ξ
598 915 646 962 660
952 915 996 962 666
1014 931 1046 954 Ξ
1061 914 1110 961 666
1416 915 1464 962 666
1480 931 1512 954 Ξ
1526 915 1575 962 666

488 983 537 1029 660
551 1002 582 1024 Ξ
597 983 670 1032 66οα
952 983 1001 1029 666
1014 999 1047 1022 Ξ
1061 983 1110 1030 660
1417 983 1465 1030 666
1479 1000 1512 1022 Ξ
1527 983 1575 1030 660

487 1051 533 1099 666
551 1069 583 1092 Ξ
597 1053 641 1099 666
952 1051 1000 1098 666
1015 1068 1047 1090 Ξ
1062 1052 1106 1098 666
1417 1051 1466 1099 666
1480 1068 1512 1092 Ξ
1527 1051 1575 1096 660

487 1120 537 1168 666
551 1138 582 1160 Ξ
597 1121 647 1168 666
953 1119 1001 1165 666
1015 1135 1047 1160 Ξ
1062 1120 1134 1166 66644
1416 1121 1466 1166 666
1480 1138 1512 1159 Ξ
1526 1119 1571 1165 666

487 1188 536 1234 666
551 1205 583 1228 Ξ
598 1188 646 1235 666
952 1190 1002 1235 666
1015 1205 1047 1227 Ξ
1062 1189 1111 1234 666
1415 1189 1464 1235 667
1480 1205 1512 1228 Ξ
1526 1189 1574 1234 666

487 1255 537 1302 666
551 1273 583 1296 Ξ
598 1256 645 1304 666
951 1256 1001 1303 666
1016 1274 1046 1296 Ξ
1062 1256 1134 1304 6666
1416 1257 1466 1304 666
1480 1275 1513 1296 Ξ
1527 1257 1599 1304 66644

487 1324 537 1372 666
551 1343 583 1364 Ξ
598 1325 670 1373 66644
952 1325 999 1371 667
1015 1342 1047 1364 Ξ
1061 1323 1130 1372 6666
1417 1325 1467 1372 666
1479 1341 1513 1364 Ξ
1526 1325 1574 1371 666

488 1392 537 1439 666
551 1411 583 1432 Ξ
596 1393 667 1441 6666
868 1447 872 1454 ,
950 1393 1001 1444 666
1016 1409 1047 1432 Ξ
1062 1394 1110 1439 666
1415 1395 1465 1440 670
1480 1409 1512 1432 Ξ
1526 1393 1574 1440 666

487 1461 536 1508 667
551 1478 583 1500 Ξ
598 1461 646 1508 666
952 1461 1001 1506 666
1016 1479 1047 1502 Ξ
1062 1461 1109 1508 666
1416 1462 1462 1508 674
1480 1479 1511 1501 Ξ
1526 1462 1574 1508 666

487 1531 537 1577 666
551 1547 583 1570 Ξ
598 1529 646 1576 666
952 1529 1001 1574 660
1014 1547 1048 1570 Ξ
1062 1530 1110 1576 666
1418 1531 1468 1577 676
1480 1547 1513 1570 Ξ
1528 1530 1599 1577 66644

487 1598 536 1644 660
551 1615 582 1638 Ξ
597 1598 644 1644 667
946 1597 998 1643 666
1017 1615 1048 1638 Ξ
1062 1599 1110 1644 666

796 2226 970 2299 Addenda
997 2238 1033 2298 et
1059 2227 1286 2320 Corrigenda.

372 2443 434 2496 pag.
450 2431 463 2479 4
484 2429 530 2480 lin.
545 2434 575 2479 44
594 2443 644 2494 pro
668 2429 742 2480 Tiora
760 2429 863 2480 scribe:
888 2430 948 2481 Tioo
968 2429 1137 2494 (Syracusis).
1565 2483 1571 2493 ,

374 2517 463 2580 pag.t
483 2515 530 2566 lin.
547 2519 578 2565 44
597 2528 612 2565 4
631 2513 684 2565 flue
703 2527 753 2582 pro
772 2507 972 2567 'delineatione
998 2509 1082 2566 Politi'
1104 2514 1208 2566 scribe:
1227 2508 1417 2567 ‘delineatione
1436 2515 1583 2567 salvatoris
1601 2512 1700 2568 Politi’.

373 2605 463 2666 pugi
484 2601 532 2652 lin.
548 2605 580 2652 44
599 2614 614 2650 e
633 2599 687 2650 line
706 2613 756 2665 pro
777 2611 849 2663 s,1.=
875 2600 978 2652 scribe:
999 2603 1024 2662 4,
1039 2618 1076 2648 aa

373 2699 433 2751 pag.
449 2690 477 2736 44
500 2687 535 2736 ad
555 2699 581 2736 n.
598 2690 623 2747 9,
641 2682 672 2753 a]
694 2685 859 2737 Gualtberue
884 2687 912 2736 in
937 2685 980 2736 cd.
1002 2688 1026 2748 4,
1053 2697 1135 2749 quarn
1154 2697 1242 2751 nuper
1265 2686 1333 2737 mihi
1357 2687 1473 2753 inspexit
1490 2687 1658 2748 6444444444,
1679 2690 1722 2739 444

409 2783 471 2824 asar
494 2782 588 2825 40444.
614 2770 738 2834 exbibet,
767 2770 899 2822 lateribus
922 2770 1033 2836 quidem
1056 2782 1111 2821 non
1133 2769 1271 2824 distinctis
1294 2773 1343 2824 sed
1361 2773 1483 2824 nondum
1507 2773 1618 2824 inducta
1637 2775 1723 2826 inter·
1895 2759 1896 2850 i

408 2857 545 2921 potatione
569 2859 736 2910 4044444444.
784 2855 891 2907 subieci
915 2857 974 2921 ipsa
1001 2855 1060 2905 eius
1085 2853 1170 2906 verba
1195 2855 1330 2920 (4444444444.
1349 2871 1376 2908 v.
1396 2873 1423 2924 p.
1439 2859 1499 2922 itui:
1525 2853 1648 2924 ‘glandes
1671 2859 1722 2909 ob-
1895 2851 1896 2856 ’

408 2940 514 3003 longae,
533 2938 661 3004 gibboaao
679 2941 706 2989 et
724 2937 780 2988 lere
792 2937 942 2998 trilaterae,
963 2937 1041 2987 cuius
1059 2935 1175 2989 termam
1187 2951 1214 3003 p.
1229 2945 1257 2990 44
1274 2937 1351 3008 [sunt
1363 2940 1493 3010 Graecae]
1511 2943 1718 3009 descripsimus

407 3023 497 3075 Refert
514 3024 586 3089 Lips.
606 3025 633 3074 444
653 3024 773 3086 44444444,
794 3022 887 3074 asculi
906 3022 1005 3074 nobilis
1026 3023 1140 3074 Picentis
1158 3023 1253 3086 Vrbis,
1278 3029 1304 3077 et
1328 3027 1495 3080 advenarum
1514 3032 1719 3083 amantissimae

409 3123 489 3162 amne
509 3111 648 3171 inventas,
675 3121 793 3174 quarum
811 3121 875 3176 pers
898 3109 942 3160 4444
965 3107 1051 3158 4444444
1075 3109 1202 3174 insignita
1229 3123 1363 3166 sverrrvr
1392 3125 1526 3170 realsrls.
1559 3129 1622 3181 pars
1651 3128 1720 3170 44444

407 3212 440 3250 44
458 3209 530 3253 Gar..
556 3198 626 3249 aliae
644 3202 671 3249 et
690 3197 732 3249 his
751 3198 822 3249 uotis
840 3199 981 3249 exaratae:
1007 3207 1083 3253 44444.
1109 3201 1135 3248 44
1153 3209 1217 3252 aaut
1240 3209 1333 3253 40444.
1363 3201 1462 3263 idest,
1482 3201 1651 3266 Pompeium,
1671 3205 1720 3266 qui

407 3297 440 3335 eo
457 3283 530 3335 bello
549 3283 646 3334 urbem
664 3284 836 3348 expugnavit.
874 3282 992 3335 Glandes
1017 3283 1155 3334 interdum
1174 3287 1200 3334 et
1223 3283 1393 3349 proditorum
1413 3284 1610 3336 incoluerunt.
1649 3287 1719 3338 llirt.

408 3370 437 3419 444
455 3369 531 3420 Caes.
555 3369 606 3421 bel.
628 3361 710 3433 llisp.’
731 3372 758 3418 et
775 3383 801 3434 q.
820 3382 843 3420 s.

374 3468 435 3520 pag.
450 3457 477 3502 44
501 3455 548 3506 lin.
563 3458 594 3504 44
614 3467 628 3504 4
647 3453 700 3505 fine
718 3467 768 3520 pro
787 3454 864 3505 Porta
882 3453 986 3505 scribe:
1007 3454 1038 3505 de
1056 3456 1082 3505 lu
1100 3454 1186 3506 Porta.

373 3553 435 3605 pag.
451 3541 481 3588 et
502 3537 549 3591 lin.
563 3542 594 3590 44
613 3543 675 3590 ante
691 3533 746 3590 ‘Ea’
767 3537 852 3591 adde:
873 3539 914 3590 Ab
926 3541 1058 3592 ltcastero
1071 3541 1105 3592 de
1117 3540 1262 3592 4444444444
1280 3538 1446 3605 descriptam
1465 3539 1589 3592 exhibuit
1600 3541 1722 3594 84444444·-
1774 3589 1777 3592 .

408 3637 486 3676 mans
505 3625 618 3676 4444444
641 3627 686 3676 ao
709 3627 884 3676 4444444444
909 3624 978 3676 aare
995 3625 1057 3676 vrrr
1073 3626 1158 3688 (4444)
1178 3638 1205 3690 p.
1221 3629 1285 3677 aaa:
1317 3637 1385 3680 .1.x.
1416 3615 1473 3698 (444
1502 3616 1583 3700 ,4.4.)
1617 3629 1719 3680 omisso

407 3708 531 3760 fulmine.

373 3809 433 3861 pag.
447 3798 479 3844 44
499 3795 534 3845 ad
552 3808 569 3844 u
586 3795 670 3845 adde:
691 3793 725 3847 ci.
742 3807 770 3860 p.
789 3793 878 3846 XXX.

372 3893 433 3946 pag.
455 3882 486 3931 44
506 3879 553 3930 lin.
576 3884 604 3929 44
632 3894 648 3931 4
671 3877 724 3931 fine
742 3875 846 3946 pro‘iu
869 3880 934 3931 sotis
951 3907 986 3917 -
1004 3873 1097 3931 exetat‘
1126 3879 1230 3931 scribe:
1256 3875 1296 3930 ‘iu
1325 3878 1399 3930 nulla
1427 3878 1480 3931 alia
1508 3881 1606 3946 glande
1633 3885 1723 3934 44444-

411 3965 472 4016 lauu
491 3957 596 4015 exstat’.

374 4061 435 4114 pag.
451 4051 483 4099 ta
502 4049 550 4100 lin.
566 4053 579 4098 a
598 4063 649 4114 pro
669 4053 694 4110 4,
710 4054 741 4100 44
760 4050 865 4102 scribe:
887 4054 929 4111 94,
945 4053 987 4102 84.

373 4148 434 4201 pag.
450 4138 481 4185 444
501 4133 548 4184 lin.
563 4140 589 4185 44
612 4139 689 4200 prol
709 4134 813 4186 scribe:
836 4138 850 4185 4
869 4137 897 4186 44
914 4134 962 4186 lin.
979 4139 1010 4184 44
1028 4139 1106 4202 prot
1125 4133 1230 4186 scribe:
1252 4139 1276 4188 4.

372 4233 435 4286 pag.
450 4223 481 4270 44
501 4219 548 4270 liu.
570 4223 583 4268 a
604 4234 619 4270 4
638 4219 691 4270 tine
710 4232 760 4284 pro
779 4223 828 4270 4444
848 4220 953 4271 scribe:
976 4224 1035 4272 4444.

373 4319 433 4370 pag.
450 4305 491 4370 44]
513 4304 643 4357 Glandem
662 4319 689 4355 n.
702 4300 747 4365 66,
762 4308 786 4365 4,
807 4318 890 4369 quam
904 4306 1062 4357 Perusinum
1080 4317 1140 4356 4444
1158 4306 1271 4367 conieci,
1286 4304 1470 4358 Mommseuua
1489 4307 1516 4357 iu
1535 4307 1615 4371 corp.
1634 4309 1720 4360 lusor.

407 4391 464 4442 Lat.
485 4392 508 4440 V
527 4404 553 4444 n.
570 4388 662 4454 444444,
680 4390 728 4441 nbi
746 4404 780 4441 ex
798 4389 937 4443 lluebueri
959 4395 986 4442 44
1004 4391 1144 4456 (aversam)
1169 4405 1201 4442 ex
1220 4389 1319 4441 44444444
1343 4391 1459 4444 lectione
1477 4390 1612 4452 exhibuit,
1638 4395 1724 4460 Aqui·

408 4477 477 4527 14444
495 4481 630 4541 repertam
648 4489 707 4527 cese
727 4479 801 4527 recte
819 4477 936 4541 negavit.

374 4575 433 4627 pag.
450 4565 476 4610 44
501 4562 549 4612 tin.
566 4566 578 4610 4
599 4574 647 4626 pro
661 4554 830 4625 ‘illarcbiuat
850 4562 924 4625 apud
941 4555 1041 4612 llinic?
1062 4561 1168 4612 scribe:
1184 4552 1341 4612 (4444444444.

373 4659 434 4712 pag.
446 4649 478 4696 ’44
498 4647 546 4698 lin.
568 4651 577 4695 4
599 4660 651 4713 pro
669 4645 692 4694 V
710 4645 815 4697 scribe:
836 4647 881 4697 Vl.

375 4745 435 4796 pag.
452 4735 483 4783 8⁰
502 4732 550 4784 lin.
572 4736 587 4782 9
605 4745 655 4798 pro
673 4743 755 4787 444044
780 4731 883 4783 scribe:
906 4739 996 4785 44404.

374 4829 436 4882 pag.
452 4819 483 4867 44
502 4817 537 4867 ad
557 4829 583 4866 n.
604 4821 688 4880 444,4
706 4817 791 4868 adde:
812 4815 846 4868 ct.
864 4830 891 4883 p.
907 4817 995 4868 XXX.

375 4915 437 4967 pag.
452 4905 484 4952 88
505 4901 551 4951 lin.
574 4906 587 4951 4
605 4915 622 4952 4
639 4900 694 4953 fine
711 4915 761 4968 pro
780 4902 860 4966 tepiio)
882 4901 987 4952 scribe:
1009 4901 1099 4966 tegio).

375 5001 434 5053 pag.
451 4990 500 5037 444
519 5000 545 5037 n.
561 4986 629 5038 clo*
646 4988 750 5038 scribe:
772 4998 851 5040 ult-r
870 4989 988 5052 (punctis
1006 4986 1117 5048 dubiis).

376 5084 435 5136 pag.
455 5075 502 5122 lt'l
522 5071 557 5122 ed
575 5085 602 5121 44.
622 5068 674 5120 *lt*
692 5071 740 5122 liu.
758 5071 879 5138 paenult.
899 5085 948 5136 pro
964 5064 1005 5121 ‘at'
1025 5070 1128 5122 scribe:
1146 5063 1220 5121 ‘aut'.

374 5168 439 5222 pag.
454 5161 503 5206 444
517 5155 565 5206 liu.
581 5159 611 5204 47
622 5157 657 5206 ad
672 5148 802 5219 ι4444444444,
816 5157 887 5208 male
901 5151 1007 5207 lectum’
1022 5169 1083 5220 sqq.
1097 5155 1182 5206 adde:
1196 5155 1235 5206 De
1247 5155 1299 5206 huo
1313 5157 1490 5222 inscriptione
1504 5157 1618 5221 legenda
1632 5171 1725 5222 quan-

410 5245 468 5293 tum
492 5239 647 5293 dubitatum
667 5241 716 5302 sit,
742 5243 776 5293 ad
796 5237 872 5293 n.30
893 5242 1029 5293 adnotavi.
1068 5243 1097 5292 lu
1116 5238 1387 5306 Bergkiana74*tol
1417 5255 1471 5294 nou
1495 5247 1602 5306 opteroo
1625 5248 1723 5306 4444444,
