3702 5962
341 597 433 648 xv111
909 588 1110 643 amissio.

342 767 450 831 denda
480 773 529 825 est
555 755 737 846 Ἀρτέμιδες,
776 777 871 841 qinom
901 779 1044 823 mancam
1073 760 1171 824 luisse
1200 764 1401 826 coniecerim.
1455 765 1492 828 ln
1521 767 1572 829 his
1593 769 1692 849 igitur

347 872 484 934 Deorum
507 865 634 928 nomina
656 863 807 944 inscripto
830 871 921 945 sunt,
947 882 1019 926 cum
1042 867 1075 926 in
1102 865 1221 927 Letinis
1243 865 1414 945 glandibus
1435 869 1578 932 numinis
1600 889 1693 934 men-

344 975 387 1037 tio
414 974 544 1032 inventa
573 969 614 1030 sit
642 966 732 1030 nulle
765 965 816 1049 (cl.
840 964 881 1028 ad
910 985 942 1028 n.
968 963 1052 1048 l3*).
1083 1002 1126 1012 -
1153 968 1298 1049 Denique
1331 969 1471 1051 insignis
1503 973 1538 1033 in
1562 974 1689 1038 Graecis

344 1093 471 1158 quoque
493 1069 663 1154 glandibus
685 1066 924 1150 repraesentata
939 1076 1015 1130 sunt
1037 1077 1100 1132 tam
1116 1069 1265 1132 adiuncta
1288 1073 1496 1153 inscriptione
1511 1093 1608 1156 wem
1623 1079 1689 1141 sola

342 1180 455 1263 posita,
475 1173 532 1238 sod
547 1174 666 1236 maiore
682 1172 851 1248 varietate;
878 1171 1090 1235 inveniuntur
1104 1173 1190 1234 enim
1205 1191 1320 1254 equus,
1340 1174 1526 1257 bueranion,
1552 1182 1687 1261 scorpio,

342 1299 491 1364 serpens,
523 1276 624 1353 stella,
659 1273 790 1355 iulmen,
816 1273 947 1352 tridens,
976 1275 1076 1354 clave,
1109 1275 1216 1356 pugio,
1248 1273 1438 1357 bipennium
1460 1278 1548 1360 trias,
1580 1282 1690 1346 hastae

342 1387 450 1466 cuspis
476 1381 560 1464 (lolio
582 1379 720 1460 similis),
748 1376 955 1457 agricolarum
978 1376 1065 1438 furca
1093 1373 1186 1457 (sicut
1208 1377 1241 1440 in
1264 1397 1393 1442 nummo
1415 1381 1595 1466 Metaponti)
1606 1385 1642 1468 ¹).

772 1839 1002 1913 ELENCHVS
1036 1840 1255 1912 LOCORVM.

428 2037 559 2110 Locum,
596 2029 652 2092 ubi
676 2025 807 2109 glandes
837 2035 983 2108 repertae
1005 2026 1088 2106 sint,
1125 2025 1259 2090 delinire
1282 2029 1411 2091 maximi
1441 2049 1511 2093 esse
1538 2035 1689 2096 momenti

342 2137 546 2202 manifestum
569 2141 634 2213 est,
669 2133 775 2212 itaque
798 2129 838 2192 de
861 2130 921 2192 hac
944 2148 979 2190 re
1006 2138 1151 2192 accurate
1180 2131 1334 2210 inquisivi
1357 2141 1389 2194 et
1411 2151 1494 2213 quse
1517 2137 1590 2196 sciri
1613 2155 1691 2218 pos-

341 2244 407 2306 sint
429 2236 587 2302 adnotavi.
640 2236 742 2314 Saepe
770 2241 878 2296 autem
907 2233 1123 2295 testimonium
1154 2233 1249 2314 plane
1274 2233 1399 2313 deficit,
1436 2254 1486 2300 ex.
1513 2256 1562 2318 gr.
1588 2240 1690 2302 musei

342 2339 541 2406 llircheriani
563 2338 638 2401 olim
661 2343 822 2398 curatores
837 2333 1029 2416 plerumque
1051 2354 1092 2397 ne
1114 2337 1172 2398 hoc
1187 2335 1317 2416 quidem
1333 2335 1576 2420 adnotaverunt,
1602 2339 1689 2404 unde

342 2443 540 2526 accepissent
562 2438 723 2522 glandem.
770 2439 805 2500 ln
827 2437 869 2500 iis
891 2439 1071 2500 coniectura
1100 2437 1244 2501 iacienda
1266 2449 1314 2502 εει
1337 2459 1378 2502 ex
1400 2441 1616 2523 inscriptione,
1649 2461 1692 2506 ex

342 2544 466 2631 plumbi
495 2554 550 2608 aut
579 2544 757 2605 litterarum
785 2541 900 2622 forma,
936 2539 1077 2620 denique
1108 2559 1149 2603 ex
1176 2541 1372 2622 reliquarum
1407 2543 1552 2606 eiusdem
1586 2549 1689 2610 musei

340 2649 502 2734 glandium
525 2647 660 2728 origine;
694 2664 734 2707 ex
764 2662 813 2724 gr.
845 2642 948 2705 musei
971 2644 1207 2724 Sentengeliani
1233 2663 1343 2708 omnes
1364 2645 1553 2726 mocianus,
1586 2651 1689 2712 musei

341 2751 486 2816 Perusini
501 2770 566 2814 una
586 2757 718 2830 excepta
733 2765 844 2809 omnes
867 2747 1034 2808 Perusinas
1049 2765 1120 2808 esse
1135 2746 1203 2809 veri
1223 2758 1271 2809 est
1286 2748 1495 2812 simillimum.
1513 2784 1557 2796 -
1570 2752 1687 2814 Verum

343 2857 439 2919 etiam
460 2852 517 2918 ubi
539 2851 720 2916 testimonia
735 2858 871 2928 entant,
897 2849 1045 2911 cautione
1060 2867 1140 2930 opus
1156 2859 1204 2912 εει
1227 2857 1259 2912 ει
1276 2849 1462 2929 videndum,
1487 2854 1571 2916 nois
1587 2854 1685 2934 locus,

341 2959 397 3023 ubi
417 2965 523 3038 empta
545 2965 594 3018 est
609 2954 710 3036 glans,
736 2956 806 3034 ipsa
828 2953 898 3014 eius
919 2953 1007 3032 origo
1029 2969 1100 3013 esse
1123 2960 1262 3032 putetur,
1289 2971 1363 3020 nem
1386 2953 1540 3017 eiusmodi
1563 2957 1688 3020 reculae

341 3061 432 3124 lacile
455 3061 517 3122 huc
538 3058 614 3120 illuc
635 3064 802 3138 portantur
827 3053 878 3136 (cl.
897 3073 949 3117 ex.
967 3073 1014 3133 gr.
1035 3055 1114 3131 cn,
1140 3053 1175 3116 tt
1194 3077 1218 3118 e.
1237 3075 1269 3131 v,
1296 3057 1335 3115 66
1351 3055 1388 3137 s),
1416 3075 1498 3119 neve
1522 3055 1689 3123 fraudibus

339 3162 552 3245 decipiamur,
589 3155 847 3241 quandoquidem
884 3175 946 3218 non
975 3158 1077 3219 solum
1107 3156 1227 3219 falsarii
1258 3157 1316 3220 sed
1350 3159 1444 3220 etiam
1477 3161 1690 3240 genuinamm

339 3264 539 3344 venditores,
571 3271 608 3325 ut
629 3261 727 3324 merei
757 3261 897 3341 pretium
927 3269 1077 3340 augeant,
1112 3260 1266 3340 originem
1289 3259 1410 3340 fingere
1433 3261 1544 3324 solent.

426 3367 554 3431 Subieci
578 3365 745 3428 elenchum
769 3363 925 3442 locorum,
960 3361 1079 3443 quibus
1108 3361 1241 3444 glandes
1264 3363 1373 3424 Latine
1403 3363 1573 3446 inscriptas
1595 3385 1689 3430 acce—

342 3472 449 3553 pimus
472 3479 614 3551 repertas
637 3486 718 3547 esse,
744 3466 904 3530 adiunctis
926 3466 967 3528 iis
989 3466 1106 3528 ltaliae·
1119 3464 1276 3546 partibuS,
1301 3463 1388 3528 unde
1411 3466 1542 3546 glandes
1564 3469 1616 3531 vel
1638 3472 1692 3532 in-

341 3574 512 3655 scriptione
536 3579 682 3634 carentes
704 3569 756 3632 vel
778 3587 841 3631 non
865 3569 974 3648 Latine
997 3568 1169 3648 inscriptae
1191 3577 1419 3649 provenerunt.

384 3677 413 3737 l.
438 3676 484 3737 De
506 3674 669 3752 Asculo,
703 3671 925 3754 Gorropoli,
963 3673 1164 3733 Tortoreto
1192 3669 1266 3733 vide
1295 3670 1335 3734 ad
1358 3671 1491 3753 glandes
1512 3671 1688 3739 Asculanas

438 3801 471 3861 p.
490 3779 596 3858 isqq.
644 3772 737 3849 Quod
753 3773 793 3836 ad
813 3776 962 3836 Tortoreto
978 3774 1100 3852 attinet,
1127 3774 1158 3834 h.
1177 3772 1200 3835 l.
1218 3772 1338 3836 addere
1361 3774 1448 3855 libet,
1475 3795 1558 3857 quae
1573 3777 1690 3840 Neme-

440 3883 507 3944 sius
521 3879 626 3958 Ricci,
653 3879 680 3940 lc
696 3875 842 3939 antiolitd
857 3876 926 3938 dell’
942 3896 1018 3960 apro
1034 3877 1191 3938 Polmense
1205 3895 1239 3957 p.
1259 3876 1298 3937 ll
1314 3889 1488 3940 memorat:
1514 3880 1639 3942 intorno
1656 3881 1689 3943 ol

436 3983 572 4066 pomeri)
595 3980 677 4044 dello
703 3979 782 4042 cluo
807 3978 942 4062 (Palmae
965 3979 1113 4059 Picenae,
1140 3997 1237 4060 quam
1260 3980 1294 4040 in
1315 3977 1408 4042 dorso
1431 3982 1562 4060 montis,
1576 3983 1690 4072 *velles

437 4085 586 4148 Vibratae
609 4093 641 4146 et
656 4083 799 4146 Salinelli
822 4083 1012 4163 separantis,
1032 4085 1225 4144 aTortoreto
1247 4080 1443 4145 occidentem
1459 4073 1687 4147 varsus'sitem

438 4207 509 4251 esse
531 4185 663 4267 censet),
686 4185 941 4268 principolmcnte
963 4185 1013 4247 sul
1038 4186 1112 4248 colle
1134 4202 1222 4247 verso
1244 4187 1390 4267 ιευαπιε,
1417 4203 1432 4246 ε
1453 4187 1531 4249 nelle
1549 4188 1688 4268 planare

437 4289 471 4353 di
485 4289 585 4371 llspoli
606 4307 621 4350 ε
639 4289 852 4367 Gammorone,
878 4289 908 4350 si
928 4295 1094 4352 trovorono
1116 4289 1204 4351 molto
1222 4287 1355 4371 ptionde
1376 4288 1488 4356 missili
1505 4289 1540 4351 di
1555 4289 1686 4371 piombo,

437 4393 474 4456 ed
497 4393 607 4455 alcano
628 4391 730 4453 hanno
753 4391 771 4454 ι’
795 4390 932 4474 opiprofe
953 4391 988 4452 di
1008 4411 1091 4465 iras,
1117 4411 1164 4453 rin
1190 4389 1275 4474 [vide
1298 4409 1330 4454 n.
1357 4392 1420 4470 i,⁴
1450 4399 1482 4452 et
1504 4411 1537 4454 n.
1556 4393 1586 4472 6,
1605 4392 1644 4474 sl.

380 4498 410 4559 2.
438 4494 605 4558 Οαειεὶὶο
627 4495 666 4556 di
688 4495 811 4557 Ocrio.
857 4495 934 4556 Eam
957 4494 1111 4576 originem
1135 4501 1273 4556 notatam
1295 4493 1358 4573 legi
1381 4493 1414 4554 iu
1438 4492 1564 4558 duabus
1593 4496 1687 4576 glan·

437 4598 533 4662 dibus
555 4598 781 4679 anepigraphis
804 4597 906 4660 musei
929 4596 1126 4659 Kireheriani
1149 4615 1183 4658 n.
1201 4597 1263 4659 326
1280 4604 1313 4658 ει
1327 4594 1402 4658 337.
1448 4597 1689 4680 Intellegendns

437 4701 660 4765 videturesse
685 4693 757 4763 cum
780 4700 925 4763 Fiorellio
949 4701 1036 4762 locus
1058 4699 1188 4780 quidam
1212 4699 1393 4780 provinciae
1415 4699 1603 4780 Aquilanae,
1628 4699 1687 4764 ubi

437 4813 540 4866 exstat
562 4804 653 4866 vicus
679 4805 757 4867 Ocre
779 4814 811 4867 ει
833 4821 924 4866 mons
948 4803 1049 4866 Ocrio.
1093 4800 1140 4864 Gi.
1167 4801 1260 4883 Corp.
1281 4802 1322 4862 lX
1344 4822 1377 4883 p.
1397 4803 1471 4863 843.

379 4906 412 4968 3.
437 4907 634 4968 Etruscas
668 4905 800 4988 glandes
822 4905 930 4969 Asculi
959 4915 1103 4987 repertas
1132 4906 1305 4967 memoravi
1328 4922 1361 4966 n.
1381 4904 1433 4965 l5.
1481 4905 1609 4967 Praeter
1631 4923 1688 4970 eas

438 5007 568 5071 aliunde
591 5009 798 5073 innotuerunt
819 5010 888 5090 hae,
915 5027 1034 5089 quase
1058 5007 1218 5071 revisum
1242 5007 1345 5069 esth.
1370 5007 1392 5068 l.
1418 5026 1618 5088 componere.

406 5251 430 5312 ι)
452 5248 563 5301 Glandis
580 5249 754 5300 Atheniensis
772 5247 840 5300 duas
857 5249 948 5301 ululas
972 5248 1125 5300 exhibentis
1147 5247 1279 5310 (Visoher,
1302 5247 1431 5311 Setantion
1451 5249 1473 5299 ll
1497 5263 1524 5314 p.
1540 5248 1598 5312 att)
1617 5247 1688 5300 fides

339 5335 405 5387 milri
423 5334 531 5387 videtur
548 5338 676 5401 suspecta
694 5347 763 5394 esse,
784 5347 846 5385 nem
865 5337 998 5400 imagines
1016 5335 1128 5386 incusso
1147 5337 1220 5386 sunt.
