3776 5966
874 557 1032 611 GLANDES
1052 556 1207 610 SPVRIAE.

604 745 669 795 ltin.
684 744 739 796 lab.
755 747 777 795 ll
1080 750 1152 813 apud
1171 764 1221 802 nos

421 877 453 923 44
524 885 566 927 444
611 846 708 926 aeli?
744 846 966 939 ffifflffifffgss‘Jn
1123 875 1194 934 444
1226 879 1265 919 444
1280 878 1331 919 viee

421 961 453 1008 44
524 971 585 1013 mn
1123 972 1153 1016 44
1225 978 1313 1020 r.·nn

421 1050 453 1096 ⁵8
529 1055 657 1098 :tec-xi
1105 1060 1150 1105 444
1225 1063 1334 1106 444444

421 1135 452 1181 44
525 1141 586 1184 cxii
1123 1146 1195 1204 444
1226 1149 1301 1192 oxu

421 1221 450 1267 44
525 1207 676 1288 avalun
1103 1232 1152 1278 444
1224 1236 1310 1278 r·xv

421 1307 452 1352 44
525 1293 1016 1374 l.llaaniuslpr.t.r111.rlmtltio
1103 1317 1152 1362 444
1222 1317 1327 1359 rectione
1341 1320 1455 1370 44444444

422 1393 454 1439 65
526 1397 614 1440 bittit
1103 1403 1193 1458 lisa
1223 1408 1314 1450 illm

421 1478 453 1523 44
525 1483 646 1525 4444444
1118 1487 1160 1547 44,
1177 1488 1190 1532 4
1211 1484 1342 1550 44444ν

422 1561 453 1607 69
525 1569 666 1612 FRbl’NA
1121 1573 1191 1634 ⁴2st
1222 1581 1368 1623 mimica

419 1648 451 1692 44
522 1653 644 1696 ranno
1318 1666 1367 1708 ..n

421 1733 448 1778 44
523 1718 709 1803 eurinome
1137 1745 1161 1805 4,
1177 1746 1209 1793 44
1224 1751 1288 1793 rear
1309 1731 1321 1814 )
1343 1751 1427 1794 rom

421 1827 451 1873 44
528 1825 555 1874 r.
569 1829 622 1878 (44
637 1823 771 1873 saeuum
791 1819 795 1889 )
813 1821 874 1884 sectr
894 1802 1014 1902 Qum
1102 1831 1151 1877 444
1223 1836 1422 1881 cennens
1446 1837 1530 1882 recrr

421 1923 453 1969 re
524 1929 572 1970 an
1136 1917 1191 1976 Η
1222 1923 1268 1966 414

420 2009 447 2055 44
523 2013 612 2056 rison
1136 2003 1207 2060 i,st

420 2093 451 2142 44
524 2087 592 2142 4444
613 2079 626 2161 )
647 2098 709 2143 cos
1127 2087 1160 2148 l,
1175 2091 1207 2136 20

368 2202 469 2253 Minicii
486 2202 536 2252 bas
554 2201 683 2250 lectiones
702 2197 783 2248 lalsas
800 2197 858 2248 suis
876 2196 945 2250 loeis
963 2199 1089 2250 salutavi.
1129 2198 1170 2248 Ad
1190 2197 1327 2248 falsarium
1348 2195 1496 2247 notandam
1515 2197 1715 2248 consideranda

367 2291 476 2353 praeter
493 2289 583 2337 cetera
605 2285 727 2348 exempla
746 2285 809 2334 sunt
821 2283 901 2334 baec:
924 2287 951 2335 in
970 2286 1066 2351 glande
1080 2284 1264 2336 Dodwelliana
1282 2283 1371 2333 musei
1384 2282 1554 2333 Monacensis
1569 2283 1651 2348 (apud
1665 2297 1716 2334 nos

367 2388 393 2426 n.
410 2374 482 2436 4,44)
503 2372 578 2437 quod
596 2373 638 2421 est
662 2359 841 2447 4·44))’))4·4,
869 2371 939 2422 male
958 2371 1100 2435 Catalogus
1118 2368 1321 2421 Dodwellienus
1341 2371 1406 2418 4444
1425 2382 1453 2432 p.
1472 2369 1504 2417 st
1531 2371 1571 2420 sic
1598 2381 1713 2422 444-4

366 2461 540 2522 exhibuerat;
570 2471 603 2509 ex
621 2458 673 2507 boc
692 2460 771 2523 peius
795 2461 834 2510 sie
857 2455 925 2512 4444
947 2457 1071 2522 repetivit
1090 2456 1213 2506 Minicius
1238 2454 1440 2516 1414114444,
1469 2453 1550 2520 idque
1573 2460 1712 2520 postremo

367 2547 492 2598 ialsarius
517 2544 631 2596 recudit.
665 2545 748 2595 Porro
769 2545 876 2610 glandis
904 2543 991 2595 musei
1017 2543 1138 2594 Perusini
1162 2542 1197 2604 (n.
1220 2544 1263 2601 44,
1284 2541 1309 2604 4)
1335 2541 1540 2606 inscriptionem
1568 2543 1711 2594 evanidam

367 2635 492 2686 Minicius
510 2645 537 2681 n.
553 2633 583 2680 44
604 2631 640 2681 ita
658 2631 828 2694 exhibuerat,
847 2635 878 2683 ut
898 2631 1007 2682 deiectu
1026 2630 1052 2679 in
1071 2627 1165 2680 tabula
1185 2640 1239 2677 non
1253 2627 1373 2678 indicato
1388 2627 1490 2678 litteras
1506 2630 1611 2679 tantum
1630 2629 1713 2679 modo

366 2719 507 2784 quasdam,
522 2729 590 2782 quas
601 2717 690 2781 primo
704 2716 801 2769 obtutu
815 2729 962 2782 agnoscere
975 2716 1073 2782 possis,
1088 2727 1139 2765 nec
1152 2717 1242 2764 umen
1256 2715 1328 2764 recte
1341 2712 1516 2778 depingeret:
1537 2715 1590 2763 iam
1604 2726 1669 2765 vero
1682 2716 1711 2763 in

366 2804 467 2857 lalserii
485 2800 616 2867 exemplis
633 2802 701 2853 baec
718 2802 834 2855 frustula
853 2803 1036 2868 inscriptionis
1054 2800 1127 2852 clare
1151 2813 1246 2851 recusa
1266 2801 1371 2850 exstant
1389 2801 1416 2849 in
1435 2797 1581 2863 glandibus
1598 2801 1711 2850 omnino

366 2903 419 2942 non
441 2889 546 2940 detritis
570 2887 619 2938 sed
644 2889 838 2953 integerrimis,
875 2903 930 2954 quo
956 2887 1075 2948 accedit,
1106 2886 1179 2950 quod
1205 2887 1272 2936 baec
1296 2885 1410 2937 frustula
1436 2885 1583 2937 maximam
1607 2891 1711 2952 partem

368 2977 454 3028 malae
479 2975 587 3024 lectioni
605 2974 749 3036 debentur,
778 2989 838 3026 nam
864 2988 917 3026 non
946 2985 988 3028 Gn
1010 2962 1094 3031 etr-W
1113 2973 1140 3024 in
1160 2971 1257 3036 glande
1275 2974 1316 3024 est
1334 2971 1388 3022 sed
1411 2981 1551 3025 cnssntivl
1582 2977 1609 3023 et
1626 2985 1710 3036 supra

365 3064 513 3130 seriptum:
535 3049 625 3115 aestu.

1243 2052 1430 2096 t·rrso·t·e
1450 2033 1462 2114 Ι
1483 2052 1543 2096 cos

435 3174 459 3237 4)
486 3174 619 3224 Falsarius
642 3174 831 3237 inscriptiones
853 3172 963 3224 aliunde
987 3173 1066 3222 notas
1088 3183 1137 3236 per
1162 3169 1311 3220 ludibrium
1336 3168 1378 3219 vel
1402 3182 1524 3219 errorem
1547 3170 1711 3234 immutavit,

365 3263 442 3312 euius
461 3261 567 3324 generis
585 3261 649 3309 sunt
666 3260 774 3322 praeter
792 3261 896 3309 celeras
915 3258 977 3308 bae:

519 3345 645 3408 1444444
663 3343 833 3407 ellestram
852 3339 1098 3410 irrolvrilromrl

519 3436 571 3481 tmr
589 3430 646 3494 [pro
664 3434 732 3480 temr
749 3428 817 3480 laiso
836 3432 863 3478 et
881 3427 948 3493 ipso]

520 3525 722 3569 maleoucdvi
745 3511 813 3578 (w,
834 3518 880 3563 414
903 3527 964 3578 sqq.
985 3515 1033 3563 144
1047 3512 1118 3577 sqq.)
1144 3515 1171 3561 et
1193 3524 1212 3563 κ
1234 3520 1342 3564 aaron
1362 3498 1367 3586 Ι
1388 3521 1479 3564 canvt
1502 3508 1571 3572 (w,
1593 3514 1709 3579 ditsq.)

571 3614 620 3665 pro
643 3613 661 3652 4
677 3610 787 3653 errrore
805 3611 907 3660 444444

520 3697 711 3741 ccavsaavs
731 3685 790 3746 w,
805 3688 836 3734 sc
859 3685 917 3749 (pro
935 3695 954 3738 c
970 3675 1138 3754 cmrsaavs)

519 3773 620 3823 ΔΛΞΑΙ
643 3773 700 3836 ipre
718 3772 816 3822 ΔΕΞΑΙ
835 3770 941 3834 glandis
959 3769 1139 3826 Atheniensis)

518 3855 641 3922 opterleei
658 3861 685 3907 et
702 3861 784 3919 opiter
841 3860 868 3907 et
887 3857 932 3920 lad
945 3854 1108 3920 Deejardinii
1120 3854 1265 3904 lectionem
1278 3853 1433 3916 spuriarum
1446 3851 1555 3914 lalsarn;
1576 3853 1610 3906 41,
1626 3867 1652 3920 p.
1663 3859 1706 3918 44)

569 3955 664 4004 operer
681 3943 740 4006 (pro
759 3947 879 4007 4444444,
899 3943 962 3993 vide
981 3956 1007 3992 n.
1024 3943 1065 4003 44)

517 4039 537 4083 c
564 4039 634 4080 revn
663 4016 849 4104 4444144444
879 4032 905 4080 et
931 4043 958 4093 q.
982 4041 1005 4078 s.
1034 4026 1187 4078 secundum
1215 4025 1318 4075 Minicii
1345 4025 1489 4087 imaginem
1518 4037 1545 4076 n.
1569 4026 1616 4088 ts,
1644 4041 1710 4078 mox

571 4125 742 4167 cmvnrtvit
762 4114 796 4165 ad
815 4115 979 4179 Desjardinil
997 4114 1143 4165 lectionem
1162 4112 1318 4177 spuriarum
1337 4109 1433 4161 falsam
1451 4124 1499 4175 pro
1519 4101 1707 4186 4444444144)

569 4210 680 4253 4444444
703 4203 738 4266 (n.
754 4203 794 4265 44)

518 4274 643 4350 1444414444
662 4284 785 4345 41*,444
811 4285 846 4336 ad
865 4284 1027 4348 Dasiardinii
1052 4284 1198 4335 lectionem
1218 4282 1327 4348 spuriae
1349 4295 1374 4332 n.
1392 4277 1515 4341 41“,444
1541 4279 1634 4332 ialsam
1657 4295 1709 4347 pro

571 4381 720 4424 4444444444
741 4371 778 4432 (n.
793 4368 845 4431 44).

432 4467 457 4530 4)
476 4464 628 4519 1144441144
647 4465 836 4530 inscriptiones
855 4461 981 4513 lalsarius
993 4475 1024 4512 ex
1037 4462 1161 4526 genuinis
1180 4459 1324 4525 glandibus
1339 4461 1427 4510 musei
1446 4460 1572 4511 Asculani
1591 4464 1707 4527 repetiit,

363 4555 520 4618 intorques
538 4552 588 4602 baa
607 4549 722 4601 suntab
741 4563 773 4600 eo
792 4549 861 4600 male
879 4548 980 4599 lectae:

518 4661 591 4707 144444
609 4653 660 4718 (vel
680 4655 746 4714 teer)
766 4658 877 4703 44444444
896 4654 922 4702 44
939 4664 967 4714 q.
981 4663 1004 4700 s.
1028 4650 1098 4722 (vida
1117 4664 1145 4701 n.
1159 4653 1191 4700 44
1206 4649 1256 4714 sq.)

517 4754 600 4790 4444444
618 4741 690 4802 eopia
707 4740 777 4789 meto
798 4737 868 4800 (vide
887 4751 913 4787 n.
929 4740 970 4800 44)

514 4828 591 4884 441Λ4
617 4826 686 4890 lvide
706 4840 733 4876 n.
749 4826 802 4884 41).

431 4939 455 5000 1)
476 4939 671 5001 inscriptiones
688 4936 787 4986 multas
799 4949 850 4986 suo
863 4936 947 4985 Marte
964 4931 1096 4984 confinxit
1113 4930 1247 4992 falsarius,
1266 4933 1410 4996 postquem
1428 4929 1560 4982 audacior
1577 4929 1663 4984 lactus
1681 4933 1710 4983 et

362 5037 376 5073 a
396 5023 477 5073 sociis
496 5024 615 5074 monitus
632 5026 687 5086 est,
712 5035 748 5072 ne
766 5020 861 5073 eadem
886 5021 983 5071 totiens
1001 5017 1150 5084 repetendo
1169 5016 1337 5083 emptoribus
1356 5015 1495 5068 fastidium
1514 5021 1630 5082 pareret.
1668 5016 1709 5067 Ex

363 5108 468 5160 infinita
486 5107 541 5159 lere
560 5121 654 5160 earum
673 5109 750 5172 copie
763 5109 829 5160 satis
840 5111 882 5158 est
899 5119 996 5171 genera
1009 5103 1143 5170 quaedam
1158 5104 1344 5169 composuisse
1363 5102 1445 5154 baec:

468 5197 493 5256 4)
521 5195 714 5259 inscriptiones
733 5206 908 5244 nummorum
935 5205 998 5242 cum
1018 5191 1080 5241 Osci
1108 5189 1222 5255 (Paapii)
1248 5193 1306 5240 tum
1325 5190 1523 5251 Romanorum,
1546 5201 1614 5253 quas
1638 5186 1708 5238 intra

361 5282 503 5345 composui
525 5277 567 5343 (cl.
589 5280 749 5330 Menataber.
775 5283 840 5329 1444
859 5292 886 5343 p.
902 5282 932 5328 44
947 5277 1031 5342 sqq.):
