3702 5962
329 647 393 696 vltl
899 637 1098 688 PRAEFATIO.

684 758 1671 767 ———-.————..-..—--..—

416 811 479 870 lem
501 808 606 890 prodit
636 811 777 886 materia,
810 827 904 888 quam
927 827 985 888 per
1007 809 1064 869 hos
1092 806 1159 868 iere
1187 826 1300 868 novem
1324 827 1423 869 annos
1446 809 1674 889 undecumque

330 913 459 992 collegi,
497 912 685 991 subsicivis,
723 921 758 973 ut
788 921 1034 974 consentaneum
1067 920 1115 972 est
1123 957 1132 988 ,
1172 912 1276 991 operis
1299 921 1330 972 et
1362 914 1513 975 itinerum
1543 910 1584 973 ad
1613 911 1676 972 ulia

330 1015 434 1078 studia
458 1014 608 1078 factorum
639 1015 875 1096 opportunitate
905 1033 994 1076 usus.
1041 1016 1145 1075 lluseu
1175 1023 1207 1074 et
1234 1013 1360 1094 publica
1390 1024 1422 1076 et
1443 1017 1567 1096 privata
1591 1033 1675 1095 quae

331 1119 459 1180 maximi
488 1128 563 1181 sunt
596 1118 747 1179 momenti
783 1119 851 1198 ipse
883 1115 948 1180 adii
981 1118 1105 1194 omnia,
1141 1126 1317 1178 ceterorum
1352 1136 1497 1198 magnam
1530 1127 1672 1199 purtem:

330 1223 509 1282 examinavi
539 1219 685 1300 glandes,
719 1237 802 1300 quue
834 1228 960 1281 exstant
988 1217 1111 1298 Asculi,
1146 1219 1309 1300 Perusiae,
1343 1220 1457 1282 Romae
1490 1219 1535 1303 (in
1564 1239 1677 1283 museo

331 1323 557 1406 Kircheriano),
584 1322 725 1404 Neapoli,
752 1322 917 1400 liouuchii,
944 1320 1092 1400 berolini,
1119 1319 1263 1383 Londinii
1291 1323 1333 1400 lin
1358 1342 1466 1386 museo
1482 1325 1673 1400 Britannico,

329 1426 416 1508 quod
443 1437 551 1488 tamen
585 1426 677 1504 longe
708 1426 816 1506 plures
844 1423 986 1506 possidet
1015 1423 1150 1487 Graecas
1184 1443 1279 1505 quum
1302 1426 1459 1508 Latinas),
1495 1426 1673 1504 Mediolani,

330 1531 504 1609 Bononiae,
542 1528 736 1608 Florentiae,
779 1527 946 1607 liugnani,
982 1527 1140 1605 Basileus,
1176 1529 1411 1610 Sigmaringae,
1452 1529 1600 1592 Erbucbii
1635 1529 1676 1592 ad

330 1631 565 1712 linemlingum,
590 1629 795 1707 hiennhemii‚
820 1628 1025 1708 Franooiurti,
1050 1632 1246 1711 Mogontiaci,
1265 1632 1455 1712 Wiesbadis,
1478 1633 1675 1696 liesseniohii

331 1754 430 1816 prope
454 1737 603 1796 Bonnam.
658 1733 874 1795 Transmissae
904 1752 1031 1814 quoque
1059 1732 1138 1794 mihi
1167 1743 1241 1797 sunt
1268 1735 1399 1815 dandas
1426 1756 1443 1797 a
1467 1734 1677 1798 Feuardentio

331 1838 479 1918 Parisino,
507 1837 762 1918 bourguignonio
784 1837 1005 1917 Neapolitano,
1040 1837 1169 1898 Vittorio
1192 1839 1410 1918 linguonensi,
1437 1839 1553 1900 Zahnio
1576 1839 1678 1901 Grue-

331 1941 441 2019 ziensi,
460 1942 579 2003 muscis
594 1941 856 2020 Sigmaringensi,
875 1937 1102 2018 Ansbuchensi,
1121 1939 1331 2022 lionechensi,
1351 1941 1558 2004 Berolinensi.
1578 1942 1678 2003 Deni-

330 2065 393 2127 que
405 2043 581 2124 glundium,
596 2062 677 2124 quae
690 2051 895 2105 asservantur
907 2042 1059 2120 Panormi,
1075 2040 1195 2122 Cefalh,
1211 2043 1385 2124 Catanzari,
1399 2047 1561 2125 Tergeste,
1576 2046 1673 2124 Vtini‚

334 2147 549 2227 Vindobonae,
577 2147 703 2209 Parisiis
730 2147 772 2226 (in
789 2144 926 2227 publicis
942 2142 1087 2225 muscis),
1113 2144 1195 2224 apud
1214 2146 1245 2207 S.
1265 2147 1468 2228 Germanum,
1495 2147 1674 2229 Luguduni,

333 2251 472 2330 Tolosae,
498 2250 658 2324 Trivultii,
684 2249 835 2327 Basileus,
861 2248 976 2312 Leidae
1004 2250 1069 2328 (nbi
1085 2249 1192 2313 nullae
1208 2260 1331 2312 exstant
1346 2251 1499 2330 latinae),
1525 2252 1675 2331 llavniae,

331 2353 519 2434 Liverpoolii
542 2353 593 2414 vel
617 2363 728 2433 ectypa
743 2352 793 2413 vel
816 2353 996 2434 apographa
1019 2371 1143 2414 mecum
1159 2354 1472 2415 communicaverunt
1494 2372 1677 2415 museorum

333 2457 508 2520 directores
531 2467 562 2519 et
584 2458 695 2538 amici,
723 2455 841 2538 quibus
863 2456 942 2517 viris
967 2475 1023 2535 pro
1045 2453 1212 2516 beneficiis
1235 2455 1268 2517 in
1291 2455 1372 2516 hanc
1395 2475 1523 2536 operam
1546 2457 1678 2517 conlatis

331 2561 448 2641 gratias
477 2560 632 2623 maximus
661 2557 766 2622 libens
797 2579 866 2639 ago.
913 2559 1037 2639 Operae
1067 2558 1165 2638 igitur
1188 2576 1249 2619 non
1273 2561 1422 2638 peperci,
1456 2567 1492 2620 ut
1514 2558 1678 2640 glandium

331 2661 417 2744 qnod
448 2663 569 2744 ubique
596 2663 736 2724 inveniri
764 2671 871 2744 posset
898 2661 1090 2741 colligerem.
1147 2659 1267 2733 Quodsi
1297 2670 1403 2723 tamen
1426 2661 1565 2742 aliquid,
1593 2661 1679 2743 quod

331 2767 433 2828 bonae
456 2767 497 2828 sit
520 2764 632 2847 irugis,
663 2785 715 2827 me
738 2766 884 2846 latuerit,
911 2786 985 2848 rogo
1008 2785 1077 2845 eos,
1112 2767 1167 2848 qui
1191 2765 1353 2842 noverint,
1387 2773 1423 2826 ut
1446 2783 1568 2825 mecum
1592 2783 1680 2825 com-

333 2871 495 2932 municent
525 2905 567 2915 —
595 2867 680 2950 quod
710 2867 811 2930 bonae
840 2869 882 2930 sit
911 2869 1030 2950 irugis,
1066 2868 1152 2950 dixi,
1190 2887 1261 2931 nam
1292 2868 1474 2948 spuriarum
1504 2886 1609 2948 nuper
1638 2867 1680 2929 ab

332 2971 488 3036 Asculano
513 2972 564 3033 illo
582 2973 764 3034 incusarum
787 2973 917 3034 minime
933 2971 1044 3036 dubito
1060 2973 1138 3054 quin
1155 2972 1249 3034 etiam
1267 2970 1489 3051 multoplures
1512 2971 1544 3032 in
1561 2970 1680 3032 museis

332 3076 468 3137 maxime
502 3076 636 3156 privatis
671 3074 849 3138 reconditae
883 3075 947 3137 sint
982 3076 1031 3138 vel
1063 3095 1080 3136 a
1113 3073 1364 3154 negotiatoribus
1397 3072 1675 3137 circumferantur.

331 3179 401 3259 lpse
431 3196 502 3240 cum
534 3175 574 3239 ad
602 3177 665 3240 duo
698 3178 784 3238 milia
822 3196 932 3240 earum
961 3178 1228 3256 examinaverim,
1267 3179 1343 3237 satis
1375 3195 1537 3257 superque
1565 3175 1678 3239 iecisse

332 3281 408 3342 mihi
433 3279 560 3363 videor,
593 3299 656 3361 quo
680 3279 810 3343 fraudes
838 3281 1066 3344 evincerentur
1089 3290 1120 3342 et
1149 3280 1203 3343 alii
1227 3298 1280 3341 eas
1308 3297 1479 3358 agnoscere
1503 3278 1674 3342 discerent.

334 3384 442 3446 Plures
465 3382 598 3465 glandes
621 3382 814 3446 adulteratas
837 3385 1024 3464 conquirere
1047 3394 1080 3446 et
1104 3383 1201 3446 edere
1224 3383 1344 3446 nullius
1366 3383 1460 3465 plano
1483 3401 1560 3445 usus
1584 3381 1674 3460 ioret,

331 3488 455 3550 etiamsi
486 3487 664 3568 exspectari
696 3497 804 3568 posset
833 3504 930 3548 novus
962 3487 1181 3566 inscriptiones
1212 3486 1326 3548 multas
1355 3486 1478 3566 acquiri
1508 3505 1617 3567 posse,
1645 3483 1678 3546 id

332 3589 419 3669 quod
434 3609 528 3652 secus
543 3599 602 3668 est,
629 3609 701 3651 nam
717 3587 873 3651 oihcinam
889 3589 1077 3652 Aeculanum
1093 3599 1213 3652 constat
1236 3589 1394 3651 infinitum
1417 3587 1484 3651 iere
1508 3607 1677 3651 numerum

332 3692 495 3772 glandium
512 3691 681 3754 excudisse
696 3690 754 3754 sed
770 3691 879 3754 formis
894 3692 1204 3774 longe'peucioribns
1221 3691 1361 3772 (fortusse
1376 3693 1505 3754 circiter
1516 3690 1673 3766 ducentis)

332 3814 422 3857 usam
438 3815 520 3859 esse.
537 3831 581 3841 -
597 3795 657 3857 Eas
679 3794 783 3875 falsas,
810 3814 892 3876 quae
914 3795 947 3856 in
964 3797 1083 3859 muscis
1098 3796 1235 3878 publicis
1258 3805 1290 3857 et
1308 3796 1506 3877 publicorum
1522 3794 1589 3856 iere
1611 3795 1679 3855 loco

333 3897 488 3961 habendis
511 3899 644 3979 privatis
673 3897 894 3978 adservantur,
921 3899 1174 3980 quotquotmihi
1198 3908 1404 3973 notescunt,
1431 3898 1575 3977 exhibui,
1601 3898 1679 3959 reli-

332 4020 468 4083 quarum
491 4021 546 4063 eas
574 4011 695 4063 tuntum
725 4000 856 4080 admisi,
889 4019 971 4081 quae
1000 4001 1041 4063 ab
1071 4002 1143 4063 aliis
1164 4002 1225 4081 iam
1247 3999 1351 4064 editae
1375 4011 1483 4082 erant,
1509 4003 1569 4064 uisi
1594 4001 1677 4082 quod

334 4107 366 4166 in
390 4103 581 4185 quibusdam
611 4103 669 4166 sed
693 4105 803 4184 paucis
832 4121 883 4165 res
912 4105 980 4184 ipsa
1002 4106 1160 4185 poposcit,
1195 4115 1230 4167 ut
1259 4101 1408 4167 universa
1438 4106 1538 4168 series
1560 4123 1679 4186 propo-

332 4217 477 4269 neretur.
502 4243 545 4253 —
569 4210 737 4292 Praeterea
756 4217 819 4269 tam
851 4208 883 4268 in
907 4208 1054 4288 genuinis
1077 4226 1170 4289 quum
1195 4207 1227 4269 in
1258 4208 1376 4288 spuriis
1399 4206 1533 4270 edendis
1548 4227 1678 4289 operum

333 4309 419 4389 dedi,
446 4319 482 4371 ut
504 4310 628 4391 singula
651 4311 807 4392 cuiusque
831 4312 932 4373 musei
956 4311 1151 4391 exemplaria
1173 4321 1317 4372 accurate
1341 4311 1597 4390 significarentur
1619 4308 1679 4371 ad-

332 4413 478 4493 scriptis,
503 4412 607 4494 quoad
629 4414 700 4475 eius
723 4413 791 4474 fieri
809 4422 947 4494 poterat,
974 4415 1105 4495 catalogi
1129 4415 1287 4493 numeris,
1313 4432 1353 4475 ne
1378 4412 1563 4494 ambiguum
1579 4424 1674 4492 esset,

332 4515 373 4578 ad
405 4515 490 4597 quod
520 4517 684 4598 exemplar
714 4535 819 4579 meum
852 4514 892 4578 de
924 4515 1029 4578 indole
1059 4526 1090 4578 et
1124 4516 1257 4578 lectione
1288 4516 1441 4579 iudicium
1473 4516 1677 4579 referendum

333 4629 392 4681 est.
438 4620 514 4681 Nem
530 4621 587 4683 hoo
604 4619 668 4681 solo
687 4619 778 4681 modo
799 4619 904 4700 (quem
921 4618 1084 4682 Garruccii
1100 4638 1177 4681 sane
1192 4621 1313 4681 evitare
1334 4619 1447 4698 solent,
1474 4631 1509 4682 ut
1524 4619 1677 4682 latebram

332 4733 582 4786 commentorum
604 4742 733 4785 snorum
758 4721 904 4802 habeant)
933 4740 1068 4799 errores,
1098 4723 1154 4802 qui
1178 4731 1264 4784 tanto
1287 4741 1384 4803 opere
1407 4723 1551 4785 homines
1572 4723 1678 4786 doctos

332 4837 532 4889 vexaverunt
554 4837 586 4889 et
608 4826 646 4888 ad
672 4827 774 4906 iurgia
798 4843 924 4905 quoque
947 4824 1212 4903 sollicitaverunt,
1237 4823 1406 4905 glandibus
1430 4827 1578 4904 genuinis
1600 4846 1678 4906 spu-

332 4929 405 5008 riis,
438 4929 627 4992 lectionibus
652 4931 734 4991 veris
758 4927 846 4989 iulsis
873 4937 995 4989 temere
1025 4937 1081 4991 aut
1108 4928 1214 4991 dolose
1238 4929 1391 5010 confusis,
1424 4927 1623 5009 deprehendi
1647 4938 1679 4989 et

332 5032 486 5094 confutari
509 5042 694 5113 potuerunt.

419 5136 522 5196 Lectio
545 5137 787 5214 inscriptionum
810 5154 906 5216 saepe
928 5117 1068 5197 difficilis
1091 5143 1151 5213 est,
1177 5135 1297 5215 quippe
1314 5153 1449 5215 quarum
1472 5134 1598 5197 litterae
1614 5155 1678 5197 non

334 5256 404 5299 raro
428 5235 564 5300 detritae
587 5240 651 5300 sint
674 5247 706 5300 et
728 5237 819 5300 facile
849 5236 1084 5300 confunduntur
1111 5255 1181 5298 curn
1206 5235 1346 5299 fortuitis
1369 5236 1490 5318 plumbi
1513 5241 1679 5319 particulis

333 5339 559 5404 eminentibus.
623 5341 742 5404 idcirco
778 5341 810 5401 in
841 5340 890 5401 his
918 5359 1013 5419 quam
1042 5342 1176 5401 manime
1205 5359 1284 5421 opus
1307 5351 1357 5402 est
1384 5350 1417 5403 et
1445 5340 1542 5403 oculis
1565 5342 1679 5422 peritis
