3702 5962
125 803 312 882 aliquotiens
333 797 536 861 manifestum
561 806 609 858 esl
632 797 738 856 minus
760 803 905 854 aoourale
929 793 1011 851 inlor
1034 809 1067 850 so
1088 800 1209 869 aplanus
1226 789 1336 850 luisse.
1377 791 1471 849 Fora-

128 925 196 968 men
220 902 351 985 plumbo
383 898 581 962 infundendo
611 898 803 979 plerumque
827 896 859 954 in
882 893 980 954 allero
1007 901 1076 954 uiro
1100 891 1209 953 aculeo
1233 889 1351 952 iormae
1375 889 1472 953 luisse

128 1007 202 1070 inde
232 1017 337 1088 palai,
374 1003 459 1086 quod
491 1001 652 1064 nonnullis
683 995 854 1080 glandibus
883 1014 968 1058 nunc
998 1013 1124 1075 quoque
1155 993 1197 1054 ibi
1229 993 1352 1074 plumbi
1383 993 1472 1072 quasi

127 1111 255 1174 tubulus
288 1108 443 1172 adhaeret
480 1105 543 1188 (ex.
579 1123 626 1184 gr.
663 1104 800 1166 Graecae
839 1099 940 1161 musei
969 1098 1159 1160 basileensis
1193 1099 1225 1159 in
1258 1097 1474 1159 Visolrerianis

127 1235 157 1276 n.
176 1213 244 1294 oo),
270 1232 341 1275 oum
364 1213 399 1272 in
422 1211 585 1291 plerisque
608 1206 757 1269 desectus
780 1203 832 1265 sil.
880 1203 1006 1262 Formas
1030 1200 1127 1263 luisse
1150 1201 1335 1279 argillaoeas
1358 1220 1416 1282 per
1438 1219 1472 1262 se

127 1325 191 1379 erat
214 1316 283 1377 veri
314 1313 511 1394 simillimum
543 1321 575 1372 el
605 1309 785 1372 coniecerat
814 1306 1025 1367 Mommsenus
1055 1304 1150 1385 Corp.
1177 1305 1188 1364 l
1218 1321 1249 1383 p.
1271 1303 1349 1380 ⁴88,
1388 1321 1474 1365 nuno

126 1429 228 1482 aulem
260 1414 467 1496 comprobare
500 1431 627 1494 possum
660 1409 805 1490 exemplo
832 1406 959 1469 lormao
988 1407 1156 1487 antiquae,
1205 1408 1298 1469 ouius
1330 1407 1472 1468 notitiam

125 1518 223 1581 debeo
245 1517 397 1598 Gangollo
413 1517 608 1598 llioseritnky
630 1515 786 1593 ouiusquo
812 1511 982 1590 imaginem
1007 1510 1177 1592 archetypo
1201 1527 1347 1572 mensura
1364 1527 1473 1590 parem

131 1621 160 1703 (l)
190 1620 314 1684 adieola
337 1621 439 1684 altera
461 1640 479 1682 a
502 1621 602 1682 latere
625 1626 757 1698 excepta
785 1613 831 1698 (ll)
859 1612 942 1675 inlra
967 1613 1108 1676 exhibui.

215 4737 298 4798 llaec
320 4737 417 4798 lorma
444 4735 508 4820 (fig.
528 4738 540 4797 l
563 4747 595 4799 el
617 4737 653 4818 11)
681 4755 764 4799 anno
794 4737 875 4799 ⁴870
900 4736 1111 4817 Phanagoriao
1138 4743 1266 4816 reperta
1289 4745 1354 4810 esi,
1391 4755 1477 4800 nuno

133 4839 315 4920 Polroburgi
339 4841 370 4901 in
387 4859 496 4902 museo
519 4841 688 4921 imperiali,
715 4838 800 4922 quod
822 4840 863 4903 ab
886 4859 993 4902 eremo
1008 4848 1130 4917 vocant,
1156 4838 1356 4904 adservatur.
1396 4841 1478 4924 Con-

132 4950 189 5003 slal
211 4943 322 5022 argilla
352 4943 473 5020 ooolili3
515 4941 597 5004 inira
627 4941 644 5003 b
674 4943 783 5005 mutila
815 4953 881 5021 esl;
914 4944 990 5006 ilem
1019 4940 1110 5003 deest
1136 4942 1236 5005 altera
1265 4943 1385 5006 formae
1405 4964 1478 5024 pars

133 5043 202 5106 huie
225 5046 367 5126 gemina,
401 5064 483 5126 quae
506 5065 603 5128 supra
633 5047 715 5108 hane
738 5045 860 5109 inlrave
884 5043 1094 5110 collocabatur
1122 5055 1156 5108 el
1189 5048 1286 5109 olavis
1316 5057 1474 5129 quattuor,

131 5163 187 5225 per
216 5147 371 5209 foramina
404 5148 467 5211 duo
501 5169 522 5210 n
555 5159 585 5211 el
628 5151 750 5230 reliqua
784 5169 870 5212 nune
904 5149 1084 5212 deficienda
1118 5169 1175 5212 sex
1208 5150 1363 5229 traiectis,
1405 5171 1477 5214 oum

133 5247 188 5311 bae
225 5251 439 5332 ooaplabaiur.
486 5254 520 5315 ln
543 5255 707 5335 superiore
730 5253 823 5315 buius
854 5251 1019 5333 lragmenli
1044 5264 1154 5332 parte,
1183 5273 1264 5335 quae
1295 5254 1379 5316 beno
1401 5274 1478 5316 oon-

133 5362 254 5416 servala
279 5364 343 5436 eal,
370 5357 488 5418 canalis
510 5376 526 5418 o
548 5354 747 5419 infundendo
769 5355 898 5437 plumbo
921 5366 1039 5435 exslal3
1067 5377 1142 5420 cava
1165 5357 1193 5437 b,
1213 5359 1243 5438 d,
1262 5359 1283 5420 d
1310 5377 1413 5438 usque
1436 5357 1475 5420 ad
