3702 5962
681 631 881 680 PRAEFATIO.
1350 639 1459 691 xxxv

193 803 364 882 Asculani,
391 805 442 865 cui
457 812 595 884 praeest,
621 800 753 883 glandes
769 820 826 864 sex
846 802 931 883 ligno
948 802 1080 864 incisas:
1107 820 1138 862 n.
1159 805 1188 882 4,
1208 823 1233 866 e.
1260 807 1289 883 9,
1310 827 1333 868 4.
1362 806 1411 884 li,
1432 828 1456 867 4.

194 908 249 984 94,
263 929 286 969 a.
306 907 358 984 33,
371 925 396 968 4.
416 903 485 983 7074,
503 927 516 968 4
537 903 579 986 [p.
601 904 662 966 447
678 904 718 968 ad
734 923 767 966 u.
786 903 845 966 70*
861 904 917 966 lin.
936 905 1077 986 paenult.
1097 923 1154 986 pro
1167 896 1221 968 ‘et'
1235 906 1339 968 scribe
1354 898 1454 989 ‘eut’].

101 1012 210 1074 lulius
241 1011 403 1072 0444444444
441 1010 473 1070 in
508 1009 580 1088 eph.
605 1006 761 1069 Asculana
791 1007 874 1068 L'eco
904 1007 953 1068 del
987 1009 1094 1069 Troato
1132 1009 1171 1068 47
1198 1008 1280 1090 Aug.
1315 1008 1397 1071 4875
1427 1021 1458 1073 44

197 1115 239 1174 26
255 1114 337 1194 Aug.
359 1110 441 1173 4877
460 1110 583 1173 44444444
597 1109 638 1173 444
654 1111 776 1191 ingenti
799 1109 964 1191 glandium
979 1128 1113 1173 numero
1128 1121 1252 1192 reperto
1276 1111 1304 1191 4)
1325 1132 1354 1175 a.
1375 1113 1457 1173 4876

196 1217 283 1277 inter
305 1223 434 1296 pontem
455 1212 489 1274 di
504 1213 592 1274 04444
615 1221 647 1274 44
669 1221 796 1294 pontem
820 1230 917 1293 quem
940 1222 1053 1275 vocant
1075 1215 1243 1294 maiorem,
1273 1215 1302 1295 9)
1332 1217 1457 1277 40-48

196 1318 281 1398 Aug.
314 1315 398 1377 4877
433 1313 474 1378 ab
497 1315 640 1396 Eugenio
673 1325 704 1377 ct
737 1314 846 1378 Iacobo
875 1316 979 1377 llattei
1010 1315 1162 1380 iratribus
1192 1336 1291 1398 prope
1320 1317 1458 1380 eundem

197 1421 301 1482 locum
325 1438 421 1500 supra
445 1419 527 1479 4900
552 1415 684 1498 glandes
706 1417 885 1482 litterarum
908 1418 1052 1499 vestigiis
1075 1417 1143 1480 4444
1170 1427 1313 1482 carentes
1336 1438 1457 1484 omnes.

103 1557 195 1572 --
220 1520 302 1584 ibid.
339 1521 378 1582 43
402 1521 478 1583 Dec.
505 1519 588 1582 4877
622 1523 725 1584 masei
758 1519 909 1583 Asculani
940 1519 1074 1601 glandes
1111 1530 1220 1584 contra
1254 1522 1458 1587 Garruccium

199 1624 326 1706 (Civiltd
348 1625 488 1686 cattolico
509 1625 547 1703 X,
576 1625 593 1684 4
617 1643 650 1704 p.
674 1622 747 1706 740)
775 1621 870 1686 fidem
900 1641 1009 1686 aarum
1036 1623 1199 1686 infirmare
1221 1634 1341 1688 temere
1364 1645 1459 1690 cona·

194 1739 265 1790 tum
287 1727 467 1789 rectissime
490 1725 643 1789 44444444444.
670 1761 711 1772 -
734 1719 783 1787 ct.
808 1745 841 1806 p.
868 1725 920 1786 93.

102 1865 195 1880 --
219 1841 251 1892 at
274 1831 308 1892 G.
335 1833 576 1909 744444444444,
609 1829 696 1892 scaci
714 1847 772 1910 par
796 1827 928 1911 44444444
949 1829 1062 1890 missili
1087 1831 1213 1912 esequiti
1234 1830 1265 1890 la
1288 1827 1458 1894 4444444-Ρὶ-

194 1953 267 1998 ceaa
292 1933 430 2014 (tt-tt
453 1933 541 2013 Sept.
569 1932 674 2013 4877),
708 1931 741 1992 in
763 1931 848 1994 44444.
874 1929 1041 1994 44441444.
1070 1929 1151 1992 4877
1175 1951 1207 2012 p.
1235 1932 1296 1994 474
1319 1951 1390 2014 sqq.
1415 1969 1460 1979 —

196 2035 278 2098 Vide
300 2055 333 2116 p.
352 2035 370 2095 5
387 2053 436 2114 sq.

103 2174 195 2187 -—
218 2140 307 2202 soavi
332 2157 389 2219 per
416 2136 547 2220 pliaadc
574 2136 687 2198 missili
714 2137 747 2197 ia
769 2129 995 2198 Asculi-liceao
1029 2132 1145 2216 (9-20
1169 2136 1257 2217 Sept.
1285 2136 1393 2220 4879),
1426 2139 1458 2201 in

194 2241 282 2302 Ball.
307 2239 375 2302 dclt'
400 2241 477 2301 lost.
504 2237 587 2300 4870
610 2258 643 2320 p.
664 2239 725 2300 490
742 2255 815 2320 sqq.
843 2272 881 2285 -
904 2237 983 2301 Vide
1006 2258 1037 2319 p.
1057 2239 1086 2299 0.

105 2344 145 2406 G.
172 2347 203 2404 F.
232 2343 419 2418 0444444444,
452 2340 619 2422 appendice
649 2341 682 2404 44
704 2342 827 2422 Corpus
850 2342 947 2404 lnscr.
974 2341 1042 2403 ltal.
1069 2340 1103 2403 di
1124 2339 1270 2404 Fabrotti.
1304 2343 1398 2406 4880.
1425 2347 1456 2408 4.

195 2480 235 2492 -
259 2443 339 2508 Vide
360 2463 395 2525 p.
412 2444 494 2505 xlx.

104 2584 196 2597 --
218 2551 252 2609 in
273 2547 436 2610 Ballettiao
459 2547 529 2609 dcll'
551 2548 628 2610 last.
655 2548 737 2607 4808
761 2567 793 2628 p.
814 2548 874 2608 488
891 2565 963 2628 sqq.
987 2581 1032 2592 --
1053 2545 1131 2609 Vide
1152 2566 1186 2628 p.
1204 2548 1283 2611 XlX.

102 2669 249 2750 Raphael
272 2666 441 2745 Gannrcar,
479 2667 492 2728 i
516 2665 632 2748 plombi
659 2665 773 2729 antichi
801 2667 928 2729 raccolti
955 2666 1010 2728 dal
1033 2665 1127 2729 card.
1159 2665 1306 2730 Lodovt'co
1336 2663 1457 2733 ditiori.

195 2771 291 2832 Roma
316 2767 412 2831 4847.
439 2771 469 2830 l.
494 2803 537 2816 -
559 2768 638 2831 Vide
660 2787 694 2831 n.
714 2771 765 2849 08,
783 2791 808 2832 4.

103 2909 211 2948 --,
240 2874 359 2956 444444
380 2871 457 2934 delle
485 2871 584 2953 lapidi
613 2871 706 2934 latiae
734 2872 940 2953 oolporracatc
968 2871 1041 2933 detti
1069 2873 1195 2934 acceati.
1243 2873 1457 2937 4444444857.

196 2974 276 3036 Vide
299 2994 332 3037 u.
351 2975 403 3052 84,
424 2996 447 3035 t.
493 2972 593 3036 Attuli
618 2993 658 3035 ex
681 2973 843 3036 Ritschelii
871 2993 945 3055 opp.
970 2975 1009 3035 IV
1031 2992 1065 3054 p.
1084 2975 1158 3037 389.

102 3113 211 3154 --,
239 3077 403 3140 3444444444
426 3076 493 3140 dett
518 3078 595 3139 1444.
624 3077 707 3137 4866
730 3097 763 3158 p.
783 3077 823 3139 28
849 3095 920 3159 sqq.
943 3110 987 3122 -
1009 3075 1087 3139 Vide
1111 3076 1181 3156 87⁴⁵,
1200 3097 1229 3154 4;
1259 3077 1298 3139 40
1328 3077 1455 3162 (444444.);

196 3182 239 3242 30
263 3190 342 3256 not.;
371 3181 432 3242 444
457 3179 586 3262 (susp).

102 3319 213 3362 --,
248 3283 360 3346 0444444
387 3283 528 3346 4444444444
548 3283 610 3345 Χ4
640 3281 743 3364 (4877)
770 3303 803 3364 p.
824 3282 884 3344 740
909 3300 995 3364 sqq.,
1021 3281 1083 3342 xt
1112 3281 1217 3364 (4878)
1239 3302 1273 3364 p.
1292 3282 1354 3344 737
1371 3301 1456 3366 sqq.,

196 3387 239 3448 xl
266 3385 370 3468 (4880)
399 3387 412 3448 4
446 3405 479 3466 p.
499 3387 572 3448 463.
632 3385 709 3449 Vide
738 3405 770 3466 p.
796 3385 923 3462 xxv11;
956 3405 988 3466 p.
1015 3386 1074 3460 93;
1117 3404 1150 3446 n.
1173 3385 1231 3462 09;
1268 3386 1457 3448 834-847.

196 3491 268 3552 944.
295 3491 365 3552 937.
992 3505 995 3514 ’

100 3628 213 3672 --,
242 3591 367 3674 Sylloge
391 3590 634 3670 inscriptionum
649 3591 834 3652 Latinarum
857 3591 927 3651 aevi
943 3589 1100 3652 llomauae
1123 3590 1169 3651 444
1192 3588 1351 3669 publicae.
1377 3588 1459 3673 Aug.

195 3695 406 3757 Taurinorum
425 3692 519 3773 4877,
545 3691 602 3756 sed
619 3693 732 3756 44444
761 3691 804 3773 (p.
823 3692 886 3754 257
903 3711 973 3774 sqq.
993 3717 1035 3746 =
1051 3712 1084 3754 n.
1104 3694 1166 3754 945
1190 3692 1271 3776 444.)
1299 3711 1382 3754 anno
1405 3694 1463 3757 de-

196 3817 284 3860 mum
309 3796 392 3858 4878
422 3796 551 3878 prodiit.
582 3796 725 3877 Sylloges
746 3813 781 3857 n.
799 3795 970 3857 900-902
1001 3795 1041 3857 ab
1072 3794 1239 3858 Garruccia
1269 3795 1463 3859 exhibentur

196 3899 328 3981 glandes
351 3899 494 3964 Siculae.
522 3896 692 3960 935-978
716 3899 865 3972 Picenae,
893 3898 1105 3960 4084-4405
1130 3898 1311 3961 Perusinae.
1363 3901 1462 3961 Trau-

197 4003 328 4083 scripsit
349 4001 416 4064 lere
440 4001 605 4064 materiam
627 4000 667 4062 ab
693 4001 883 4062 llommsena
912 4001 1074 4064 collectam
1097 4001 1252 4064 librorum
1282 4001 1463 4065 testimonia

199 4105 345 4184 aderens,
373 4122 457 4185 quos
473 4105 542 4185 ipse
558 4122 622 4165 non
637 4102 813 4181 consuluit;
840 4101 990 4165 videlicet
1005 4104 1043 4181 si,
1070 4113 1107 4166 ut
1121 4105 1304 4186 exemplum
1320 4103 1459 4184 afferam,

196 4206 295 4287 Lipsii
323 4205 547 4270 Poliocreticon
570 4204 745 4269 editionem
768 4205 842 4268 anni
860 4204 942 4266 4596
966 4204 1173 4287 inspexisset,
1199 4207 1233 4269 in
1257 4225 1293 4269 ea
1316 4206 1463 4287 glandem

198 4328 233 4370 n.
253 4309 290 4369 43
319 4307 421 4390 (Gerr.
447 4327 480 4370 n.
498 4307 572 4391 944)
606 4309 774 4371 memorari
808 4327 871 4370 non
894 4308 975 4370 44444
1008 4307 1113 4371 denuo
1142 4318 1287 4373 testatus.
1346 4303 1382 4373 ln
1406 4310 1460 4389 iis,

200 4430 283 4492 quae
306 4410 346 4473 de
369 4431 426 4474 sao
449 4412 642 4475 Garruccius
664 4410 804 4489 addidit,
831 4411 941 4472 insunt
956 4410 1172 4492 neclegentiae
1192 4413 1354 4494 exempla,
1381 4429 1463 4492 quae

198 4532 272 4576 cum
296 4512 336 4575 ad
367 4515 428 4576 alia
458 4522 605 4595 spectant
626 4523 695 4577 tum
718 4511 758 4575 ad
790 4511 943 4592 originem
967 4513 1020 4575 vel
1042 4533 1190 4578 museum
1219 4515 1296 4576 falso
1324 4512 1464 4576 indicata

200 4617 259 4696 (ex.
287 4635 336 4697 gr.
370 4617 398 4693 0,
414 4635 460 4694 44;
495 4617 549 4694 43;
577 4617 678 4696 49,4;
703 4616 756 4694 35,
776 4614 814 4698 4).
862 4614 1000 4678 Glandes
1022 4634 1084 4678 non
1109 4635 1225 4697 paucas
1247 4615 1318 4696 ipse
1341 4616 1464 4677 exami-

196 4718 303 4798 narit,
341 4718 398 4782 sed
432 4718 516 4798 quad
547 4717 674 4782 allicere
697 4717 814 4797 voluit,
841 4727 876 4780 ut
896 4707 948 4779 ‘ne
972 4717 1095 4780 diutius
1117 4727 1282 4799 corruptae
1310 4712 1461 4781 lerantur’

202 4821 247 4903 (p.
264 4820 327 4880 345
345 4819 454 4900 extu),
481 4818 513 4883 id
531 4821 690 4902 ei‘parnm
713 4821 854 4902 contigit.
900 4821 977 4882 Nam
994 4821 1110 4883 multas
1126 4820 1278 4883 lectiones
1300 4821 1396 4884 falsas
1411 4822 1464 4883 vel

122 4930 130 4940 “
196 4941 240 4984 444
260 4922 424 5003 prioribus
454 4925 584 5004 repetiit
606 4924 657 4986 vel
687 4925 755 5006 ipse
782 4922 927 5003 induxit,
965 4921 1070 5002 neque
1099 4923 1197 4985 ullam
1226 4924 1390 5004 glandium
1413 4925 1465 4986 in-

196 5025 405 5105 scriptionem
429 5026 513 5088 lectu
543 5024 755 5089 difficiliorem
785 5027 879 5107 plane
903 5024 1059 5106 expediit.
1113 5026 1225 5109 ltaque
1256 5027 1334 5090 lalso
1367 5029 1464 5091 lectas

197 5126 301 5190 edidit
316 5128 373 5190 has
393 5127 539 5210 (quarum
555 5127 722 5192 duodecim
734 5129 804 5209 ipse
817 5126 928 5211 viditlz
947 5129 1025 5210 Syll.
1044 5129 1101 5190 904
1127 5127 1225 5212 (apud
1239 5149 1296 5192 nos
1310 5148 1343 5193 n.
1364 5131 1393 5210 l,
1408 5129 1462 5212 44);

195 5231 261 5292 939
289 5230 330 5310 (9,
351 5228 406 5312 44);
447 5232 504 5292 944
539 5230 664 5313 (42,4);
703 5232 763 5294 ste
792 5229 901 5312 (9,44);
939 5232 1000 5293 940
1026 5230 1110 5312 (44);
1151 5232 1213 5294 957
1241 5231 1374 5316 (444,4);
1402 5233 1464 5293 959

200 5331 337 5412 (24,44);
365 5333 427 5395 907
448 5333 571 5416 (adep
600 5332 661 5394 970
684 5332 745 5415 (33,
765 5332 809 5413 4);
837 5333 893 5393 974
925 5333 987 5414 (30,
1007 5355 1030 5396 r.
1050 5354 1075 5396 a.
1095 5333 1140 5416 a),
1174 5334 1236 5396 970
1264 5333 1346 5416 (83);
1380 5334 1458 5394 4084

1238 5451 1253 5484 4

1221 5466 1236 5503 0
